2185 3027
391 234 478 287 '357

328 315 352 334 s,
380 290 527 338 poffint:
543 295 680 327 tantum
696 291 833 340 negotii
846 293 946 327 nobis
963 290 1084 326 vendi-

380 341 471 376 tatio
488 340 678 378 faceffivit.
699 342 894 378 Dicendum
913 351 985 377 erat
1006 342 1083 376 heic

379 391 487 427 etiam
526 392 723 441 oppidatim
760 394 800 428 de
838 393 986 428 Feudis:
1026 391 1080 426 sed

380 442 521 490 operosa
549 443 684 478 fune‘tio
709 443 987 487 jureconsulturn
1007 441 1083 476 exi-

380 494 455 542 git,
492 503 551 529 aut
578 493 797 542 professorem
827 493 975 529 terfioris
1003 491 1083 526 lite-

380 553 541 585 raturae,
581 558 687 592 quum
716 545 761 579 ob
790 547 924 592 Legum
952 542 1083 584 studia,

380 595 413 629 &
442 594 591 631 Latinae
613 595 771 643 Linguae
793 594 955 642 peritiam
978 592 1083 628 mini-

381 658 476 680 mum
513 659 555 680 ex
592 648 641 682 eis
677 644 866 680 conflatum
904 643 944 678 fit
972 643 1013 678 ad
1041 643 1084 678 il-

381 696 587 731 lustrandam
630 696 808 739 Pati-iam,
845 694 1017 742 quidquid
1046 694 1083 729 in

381 747 515 781 comestis
543 746 813 782 Tabellionibus
837 746 1015 793 egregium
1036 744 1083 780 es-

381 797 413 832 se
442 796 543 844 poffit
561 824 568 832 .
607 799 772 832 Ceterum
803 810 844 831 ne
874 797 992 831 videar
1020 795 1084 830 ali-

381 847 436 882 cui
466 847 657 895 suspeehs,
686 856 725 882 ut
752 847 867 882 minus
897 860 976 882 vera
1003 845 1083 882 scri-

381 897 532 945 pserim,
569 897 610 932 ad
639 897 773 933 Scribas
801 910 1085 945 unumquemque

381 948 552 990 remitto,
593 949 611 982 a
653 948 780 996 quibus
822 948 942 997 passim
978 948 1085 984 retuli

380 1011 434 1033 me
462 997 656 1046 decerpsisse
673 1027 683 1042 ,
720 1008 759 1035 ut
787 1010 883 1048 parte
910 1012 953 1035 ne
980 1012 1023 1034 ex
1051 1012 1084 1034 a·

378 1048 475 1096 liqua
493 1076 502 1091 ,
530 1049 622 1097 quod
651 1048 763 1098 scripsi
782 1077 791 1093 ,
829 1063 908 1086 cum
937 1049 1086 1086 veritate

380 1109 531 1147 pugnet,
561 1100 689 1136 certior
716 1101 779 1136 fiat
796 1128 805 1136 .

376 1151 475 1184 Haec
500 1150 563 1184 ille
583 1152 793 1196 Anonymus
813 1151 854 1188 de
875 1151 1000 1188 Feudis
1022 1154 1084 1188 Pa·

324 1198 535 1234 triarchatus
564 1201 799 1249 Aquilejenfis
817 1230 826 1247 ‚
868 1216 1017 1250 quorum
1046 1202 1084 1236 si-

325 1249 456 1294 milia,
499 1261 558 1285 aut
599 1260 691 1286 certe
733 1260 788 1286 tot
827 1265 998 1295 numero,
1040 1265 1082 1287 an

326 1297 511 1347 quisquam
540 1301 628 1336 alius
659 1302 821 1350 Princeps
849 1302 886 1337 in
915 1302 974 1337 usu
994 1302 1082 1337 olim

325 1350 515 1395 habuerit,
543 1351 681 1386 nescio.
720 1354 772 1387 De
801 1362 871 1387 tarn
902 1353 1084 1402 peregrino

325 1409 560 1449 argumento,
601 1415 709 1449 quum
746 1402 865 1437 literas
901 1404 986 1438 olim
1026 1403 1081 1439 de-

323 1452 444 1487 diffem
472 1451 512 1487 ad
534 1452 709 1487 Abbatem
730 1452 914 1499 josephum
938 1453 1081 1488 Binium

324 1501 530 1538 Utinensem
546 1529 555 1544 ‚
584 1502 638 1536 cui
669 1514 772 1536 nemo
800 1501 936 1537 fortasse
958 1516 1017 1548 par
1036 1503 1081 1538 est

321 1553 360 1588 in
389 1551 679 1599 forojulienfium
709 1552 978 1599 Antiquitatum
1016 1552 1079 1587 stu-

322 1603 383 1639 dio
412 1613 515 1650 atque
544 1602 669 1648 peritia
686 1631 695 1646 ,
723 1601 892 1650 rescripsit
919 1603 1003 1646 ille,
1042 1602 1076 1637 fi-

323 1654 361 1689 bi
390 1654 453 1688 effe
480 1653 628 1689 Chartas
657 1655 874 1700 complures,
911 1654 967 1688 vel
1006 1655 1080 1689 An-

322 1717 370 1740 no
398 1706 609 1740 MCXLVI.
637 1703 870 1751 conscriptas,
898 1703 935 1738 in
956 1704 1082 1752 quibus

323 1754 493 1803 ejusmodi
524 1754 637 1790 Feuda
665 1755 987 1802 deprehenduntur.
1017 1759 1067 1789 Ho

324 1819 393 1839 rum
420 1805 530 1839 variae
557 1805 737 1853 (inquit)
759 1806 875 1852 species
901 1816 1008 1840 erant.
1046 1806 1085 1839 Si

322 1857 362 1890 de
388 1856 556 1890 Nobilibus
581 1856 726 1902 agimus,
764 1857 916 1902 quaedam
942 1858 1081 1902 appella-

323 1909 440 1942 bantur
464 1906 625 1954 Majora,
654 1906 763 1953 qualia
784 1907 873 1950 fuere
900 1907 1083 1941 Pincerna-

323 1966 402 2000 tus,
439 1970 497 2003 quo
524 1969 647 1990 munere
675 1956 820 2003 insigniti
856 1956 1011 1991 interdum
1038 1971 1082 1991 oc-

323 2017 450 2043 currunt
486 2007 655 2042 Bobemiae
691 2011 818 2053 Reges,
856 2008 1084 2041 &interdum

322 2062 426 2094 Duces
445 2058 616 2100 Aufiriae.
645 2058 851 2092 Hereditaria
874 2058 940 2100 fuit
959 2058 1082 2092 Advo-

324 2109 416 2144 caria
454 2109 486 2142 in
514 2108 689 2142 Comitibus
724 2108 892 2151 Goritiae,
930 2108 973 2141 (9⁵
1000 2111 1081 2142 Feu-

323 2161 397 2195 dum
423 2159 580 2193 Comitum
607 2159 842 2205 Orthemburgi.
878 2159 989 2193 Feuda
1015 2159 1084 2194 alia

318 2210 406 2254 fuere
434 2209 542 2245 Resta
570 2210 612 2243 (9¹
639 2209 807 2257 Legalia:
839 2219 932 2255 atque
964 2208 1022 2251 ista
1049 2210 1083 2244 in

323 2270 385 2294 tres
406 2261 547 2304 solennes
573 2258 678 2304 claffes
703 2259 953 2303 dividebantur,
988 2259 1078 2294 vide-

322 2311 395 2345 l‹'cet
422 2311 572 2355 Libera,
599 2309 870 2353 Ministerialia‚
898 2310 941 2343 (9⁴
967 2311 1078 2346 Habi-

322 2362 477 2397 tantiae.
505 2361 650 2396 Priorum
677 2361 898 2403 investituram
917 2361 992 2395 dare
1011 2374 1079 2395 con-

317 2411 490 2456 sueverunt
516 2412 722 2447 patriarchae
748 2425 814 2446 cum
840 2424 900 2445 uno
926 2422 983 2446 aut
1004 2411 1080 2457 plu-

323 2462 409 2498 ribus
445 2463 607 2499 Vexillis:
642 2462 908 2506 Ministerialium
933 2474 1000 2496 cum
1025 2463 1079 2497 A·

327 367 353 385 ’2

326 416 351 435 9)

327 468 352 485 9)

326 519 352 538 9)

327 570 352 588 9)

325 620 352 639 9)

325 670 352 689 39

327 721 353 740 9)

326 772 352 791 9)

326 822 352 841 9)

326 874 352 892 9)

326 923 352 941 95

325 972 352 992 ’⁹

325 1023 351 1042 9)

324 1074 350 1092 9)

325 1125 350 1143 9)

687 228 1074 290 ANTIQUJT.
1142 229 1372 276 MEDII
1432 232 1608 280 AEVI

1815 241 1897 296 368

1125 290 1161 324 A
1203 293 1303 327 nula:
1338 294 1550 331 Habitantt'ae
1586 309 1665 333 cum
1702 296 1842 335 fimbria
1878 299 1957 336 suae

1201 345 1471 391 guarnacchiae.
1498 350 1585 382 Inter
1612 349 1864 394 Mim'steriales,
1892 354 1959 385 Ca-

1201 395 1327 429 merarii
1365 407 1479 442 erant,
1522 399 1652 433 Nobiles
1691 400 1730 432 de
1769 403 1958 447 Cuccagna:

1200 445 1392 490 Pincernae,
1417 449 1546 482 Nobiles
1563 450 1601 483 de
1620 449 1854 496 Spilimbergo:
1874 454 1958 485 Con-

1196 494 1356 537 fanonerii
1371 524 1381 541 ‚
1418 499 1548 533 Nobiles
1573 501 1612 533 de
1648 500 1811 534 Tricano:
1836 501 1958 535 Archi-

1200 545 1345 591 triclini,
1373 551 1512 583 Proceres
1536 551 1576 583 de
1601 553 1791 597 Prumpergo
1808 578 1816 586 .
1844 552 1959 586 Maxi-

1199 609 1246 629 me
1278 596 1451 644 speHanda
1487 611 1554 634 erat
1589 602 1816 648 praerogativa
1856 603 1958 636 Nobi-

1198 646 1278 680 lium
1316 649 1356 681 de
1396 653 1548 696 Ragonea
1568 677 1576 685 .
1618 654 1655 685 In
1697 655 1818 686 Charta
1858 653 1959 686 Anni

1199 699 1433 733 MCCXCVII.
1480 700 1593 744 Major
1632 711 1709 734 natu
1756 701 1879 733 illorum
1919 703 1958 735 de

1199 750 1352 793 Ragonea
1381 747 1439 793 jus
1464 749 1556 784 habet
1582 750 1756 796 accipiendi
1789 751 1958 796 quodcum-

1198 810 1255 843 que
1282 811 1317 831 ex
1339 797 1494 843 ferculis,
1530 813 1608 846 quae
1640 810 1801 846 ponuntur
1829 802 1861 834 in
1889 815 1959 836 con-

1198 847 1291 881 vivio
1317 849 1450 883 Domini
1484 851 1706 886 patriarchae.
1744 852 1784 885 Id
1819 852 1897 885 mibi
1924 852 1962 886 in-

1199 909 1330 933 mentem
1356 910 1480 934 revocat
1508 901 1641 944 fabulas
1668 901 1823 948 Equitum
1851 904 1960 937 Tabu-

1199 949 1249 983 lae
1276 953 1465 986 Rotundae,
1494 955 1607 998 Aeque
1633 956 1706 986 vero
1734 952 1903 992 inufitatae
1926 966 1959 986 e.

1199 1011 1273 1034 rant
1300 1000 1476 1048 pensiones
1504 1002 1671 1037 Feudales
1700 1003 1931 1038 Vaffallorum
1948 1028 1957 1038 .

1199 1051 1368 1086 Bobemiae
1395 1052 1480 1095 Regi
1508 1052 1685 1095 injuncium
1717 1066 1793 1087 onus
1818 1064 1884 1087 erat
1912 1066 1961 1087 re-

1199 1102 1342 1136 dimendi
1367 1103 1609 1146 Patriam-ham,
1647 1106 1701 1138 ubt
1737 1105 1959 1149 captivitatem

1201 1152 1367 1186 incurreret
1392 1154 1479 1199 apud
1504 1153 1619 1194 hostes.
1647 1156 1685 1186 In
1713 1153 1834 1187 Chmta
1860 1155 1958 1187 Anni

1200 1205 1417 1238 MCCCXLI.
1463 1202 1584 1246 Bojani
1622 1203 1775 1236 Cividati
1815 1213 1958 1236 tenentur

1198 1266 1294 1287 unum
1321 1253 1419 1297 ensem
1454 1265 1601 1298 magnum
1628 1266 1694 1286 cum
1730 1253 1855 1299 vagina?
1883 1255 1959 1288 albe

1201 1304 1245 1337 ad
1270 1316 1381 1337 morem
1412 1303 1635 1337 Tbeutonicum
1668 1306 1865 1349 praesentare
1893 1308 1960 1339 Pa.

1200 1353 1353 1388 triarchae
1388 1353 1526 1389 intranti
1560 1354 1750 1388 Cividatum
1766 1381 1776 1395 ,
1812 1355 1855 1387 (9‘
1891 1369 1960 1390 eum

1200 1404 1352 1448 anteferre
1378 1404 1471 1450 usque
1489 1404 1534 1439 ad
1553 1404 1656 1448 scalas
1683 1404 1827 1448 Palatii,
1857 1405 1889 1438 in
1911 1406 1960 1447 si.

1197 1467 1296 1500 gnum
1331 1455 1454 1488 honoris
1482 1456 1525 1488 (9⁴
1550 1454 1703 1489 dominii.
1741 1457 1833 1500 ⁸,Quae
1864 1457 1958 1502 prae-

1200 1504 1348 1548 rogativa
1385 1505 1506 1538 indicat
1541 1504 1767 1539 Marescallos
1805 1505 1894 1539 illius
1922 1520 1959 1541 a.

1194 1552 1268 1596 gri.
1300 1554 1506 1596 savorgnani
1532 1554 1702 1596 offerebant
1727 1556 1856 1588 Abbati
1883 1559 1959 1589 Mo-

1197 1601 1247 1634 dii
1266 1601 1352 1635 duos
1368 1600 1529 1645 Calices,
1549 1601 1611 1648 qui
1632 1602 1859 1638 nominantur
1876 1606 1961 1640 Bor.

1109 1649 1169 1689 (D,
1199 1660 1255 1686 te:
1293 1664 1371 1698 quae
1397 1665 1460 1685 vox
1487 1652 1520 1685 in
1547 1652 1679 1698 vulgari
1714 1653 1845 1697 Lingua
1880 1655 1960 1690 Fori

1111 1699 1113 1738 ἱ
1167 1712 1169 1754 Ι
1187 1702 1307 1746 sulii,
1344 1703 1360 1735 ὲ
1395 1702 1601 1749 compluribus
1638 1704 1776 1749 Linguis
1814 1705 1958 1750 efforma-

1128 2095 1156 2128 E

1197 1755 1256 1794 td,
1293 1755 1485 1787 Francorum
1521 1754 1674 1799 loquelam
1704 1755 1818 1798 sonat.
1856 1755 1958 1801 Poffet

1191 1814 1353 1850 praeterea
1378 1812 1417 1836 de
1444 1804 1565 1836 Feudis
1591 1804 1774 1838 Minoribus
1801 1805 1956 1850 integrum

1194 1853 1302 1896 confici
1329 1853 1481 1887 Lexicon.
1509 1855 1616 1886 Erant
1636 1856 1717 1886 enim
1737 1853 1955 1899 Gastaldiae,

1194 1905 1433 1943 Armanniae,
1462 1902 1707 1945 Advocariae,
1737 1903 1851 1938 Feuda
1879 1905 1954 1940 Mi.

1193 1953 1334 1996 litaria,
1379 1951 1493 1987 Feuda
1536 1952 1706 1987 Sartoriae
1727 1980 1734 1993 ,
1776 1954 1954 2000 Guidria,

1195 2003 1401 2043 Branderia,
1436 2001 1661 2040 Arsenatico,
1689 2003 1890 2048 walderia,
1917 2020 1955 2041 a.

1193 2055 1299 2102 liaque
1325 2053 1476 2101 ejusmodi
1495 2052 1599 2086 mille.
1630 2057 1696 2087 Uno
1714 2055 1827 2092 verbo.
1856 2057 1954 2101 quod.

1193 2107 1271 2140 libet
1296 2132 1307 2149 ,
1353 2105 1556 2151 quantumvis
1598 2104 1760 2137 minimum
1801 2105 1954 2147 Ministe-

1195 2158 1297 2199 rium,
1325 2165 1379 2190 aut
1406 2152 1597 2195 Beneficium
1626 2155 1828 2189 patriarchae
1854 2157 1952 2190 Prin-

1194 2208 1291 2254 cipis,
1320 2206 1400 2239 inter
1426 2205 1536 2236 Feuda
1565 2207 1865 2241 connumerabatur.

1245 2257 1340 2292 Hinc
1368 2255 1505 2296 lucem,
1543 2265 1579 2288 ur
1619 2259 1735 2300 ipero,
1774 2256 1952 2305 accipient

1194 2307 1387 2343 Feudorum
1437 2316 1589 2339 veterum
1639 2318 1750 2340 mores
1777 2319 1784 2341 :
1838 2307 1949 2343 nostra

1191 2359 1319 2405 quippe
1359 2365 1516 2397 tempora
1553 2355 1633 2390 aliis
1660 2368 1827 2406 reguntur
1861 2357 1950 2408 legi-

1192 2409 1274 2444 bus.
1301 2405 1365 2442 Sed
1393 2405 1477 2442 haec
1505 2405 1605 2442 saxis.

1816 2610 1898 2646 DE
