2185 3027
269 236 355 282 437
563 212 1007 259 DISSERTATIO
1053 212 1481 260 DUODECJMA.
1689 222 1774 273 438

311 320 521 365 Absolutio
553 320 749 364 Ludovici
780 319 953 363 Comitis
984 321 1031 362 de
1064 322 1225 362 Ferreto
1256 318 1428 374 infirmi,
1458 325 1579 365 Anno
1615 329 1739 380 1236.

264 435 301 467 N
334 431 456 466 nomine
494 431 649 466 Domini.
685 433 787 466 Anno
824 430 967 466 Domini·
1006 431 1057 465 A(
1079 427 1208 463 Fratris
1243 427 1400 472 Gotis'redi
1437 429 1591 475 praedicti
1628 433 1666 466 de
1705 432 1834 480 Lingua

280 497 332 518 cae
359 482 560 517 Nati-vitatis
587 481 761 522 Millesimo
788 481 967 522 Ducentesi-
1079 479 1272 514 Theutonica
1299 479 1333 514 in
1360 479 1531 514 Latinam.

209 547 256 568 mo
275 533 446 580 Trigesimo
469 536 584 573 Sexto,
614 532 788 567 IndiHione
808 534 865 566 IX.
887 545 969 566 men·
1129 532 1177 564 Et
1213 540 1339 577 uterque
1373 530 1642 564 Poenitentiarius
1674 533 1834 578 praefatus

203 584 239 630 se
264 584 431 630 Augusti,
458 584 511 617 die
531 585 653 618 XVIII.
675 582 884 626 Pontificatus
903 586 967 617 Do·
1078 580 1143 628 post
1167 580 1287 615 difflant
1318 579 1536 626 juramentum
1562 581 1700 625 absolvit
1735 583 1834 628 ipsum

210 634 292 668 mini
318 634 462 680 Gregorii
490 636 548 669 IX.
576 637 685 680 Papae
706 637 808 668 Anno
832 637 871 667 X.
899 636 970 680 Ego
1079 631 1244 665 Lodoicum
1274 631 1425 666 Comitem
1446 658 1456 675 ,
1494 631 1600 665 dicens
1618 645 1638 674 ,-
1676 631 1834 668 Absolve

210 685 362 719 Lodoicus
389 687 497 718 Comes
531 687 570 718 de
590 686 737 727 Ferreto,
762 683 858 727 sanus
886 697 969 717 men·
1079 691 1136 725 te,
1164 681 1374 717 aue'toritate
1401 694 1468 729 qua
1496 680 1642 728 fungor,
1671 682 1712 717 de
1740 695 1839 717 man-

212 745 243 769 τε
270 735 313 767 (9⁶
352 733 497 779 infirmus
523 745 668 781 corpore,
705 747 802 768 coram
829 734 966 768 Scrinia·
1079 732 1160 767 dato
1198 731 1347 767 Domini
1386 733 1497 780 Papae
1533 731 1695 781 speciali.
1734 732 1837 774 Testes

212 786 259 819 rio
287 786 329 818 (9⁶
358 785 541 831 subscriptis
574 784 699 826 testibus
731 785 775 819 ad
800 785 853 818 hoc
878 798 898 819 a
924 797 970 818 me
993 771 996 826 Ι
1073 782 1150 827 sunt
1186 785 1301 817 Frater
1326 783 1544 829 Bonensegnia
1570 783 1702 817 Domini
1730 786 1838 830 Papae

213 836 359 882 rogatis,
397 838 430 869 in
467 835 611 869 manibus
649 834 777 870 Fratris
812 834 970 878 Gotifredi
1053 827 1290 878 ‘Marescalcus
1310 861 1320 875 ,
1356 834 1524 868 ‹Arnoldus
1558 834 1596 868 de
1622 837 1708 868 Luca
1735 835 1837 868 Theu-

215 887 254 920 Θ
295 886 421 920 Fratris
450 885 620 930 Raynaldi
654 885 969 919 Poenitentiariorum
1009 887 1055 924 Β,
1081 883 1219 926 tonicus,
1248 884 1432 918 Balduinus
1458 883 1597 918 Clericus
1623 883 1835 927 Coloniensis,

214 936 347 971 Domini
369 939 495 982 Papae,
520 935 592 981 juro
610 935 697 978 stare
723 935 884 970 mandatis
904 938 965 969 Do.
1083 933 1259 976 Gotis'redus
1280 934 1455 968 Canonicus
1481 933 1594 968 santii
1612 934 1757 967 Severini
1777 937 1838 967 Co·

214 986 295 1020 mini
322 989 429 1032 Papae
455 987 493 1020 de
519 986 661 1020 omnibus
686 986 967 1020 excommunicatio·
1079 983 1472 1028 loniensis,C'9¹Johannes
1487 985 1625 1018 Clericus
1641 983 1832 1024 Bremensis.

214 1037 328 1080 nibus,
357 1036 468 1083 quibus
495 1046 597 1070 teneor
622 1036 814 1080 adstrifffus,
838 1036 968 1083 promit·
1130 1037 1200 1081 Ego
1237 1033 1349 1070 Aimo
1370 1061 1380 1078 ,
1418 1034 1522 1068 aicius
1558 1036 1681 1080 Ypocras
1703 1062 1712 1077 ‚
1749 1033 1835 1070 sacri

214 1097 282 1120 tens
312 1086 492 1130 satisfacere
518 1088 556 1120 de
583 1088 724 1121 omnibus
758 1088 803 1122 ad
838 1087 968 1120 manda·
1054 1113 1057 1118 .
1082 1084 1232 1119 Romani
1261 1084 1405 1132 Imperii
1432 1083 1664 1127 Scriniuius,
1703 1084 1745 1117 &¹
1769 1087 1838 1127 Ju-

214 1147 281 1170 tum
308 1136 440 1169 Domini
465 1139 593 1181 Papae.
1079 1136 1138 1169 dex
1164 1135 1341 1170 ordinarius
1368 1134 1521 1178 interfui,
1549 1134 1592 1167 (θ’
1612 1143 1736 1180 rogatus
1757 1133 1836 1177 scri-

263 1184 388 1220 Abium
414 1188 538 1228 Reate,
560 1185 659 1230 juxta
685 1186 969 1234 interpretationem
1077 1186 1145 1233 psi.

359 1285 660 1330 Testamentum
694 1288 889 1330 Ludovici
921 1286 1094 1330 Comitis
1125 1286 1172 1328 de
1205 1288 1390 1338 Ferreto,
1420 1285 1542 1326 Anno
1579 1288 1701 1339 1236.

262 1383 427 1421 Nnomine
437 1385 699 1422 Domini..A'nno
710 1386 893 1422 Dominicae
904 1389 975 1421 Na·
1017 1389 1048 1423 C
1083 1384 1170 1419 uxori
1190 1397 1291 1418 meae.
1319 1383 1447 1429 Insuper
1464 1383 1537 1416 volo
1556 1381 1717 1424 &statuo
1730 1408 1738 1424 ,
1759 1381 1840 1427 quod

287 1436 430 1470 tivitatis
457 1436 630 1477 Millesimo
658 1437 873 1477 Ducentesimo
900 1437 972 1470 Tri.
1083 1435 1186 1469 onmia
1212 1435 1330 1466 damna
1357 1433 1452 1466 illata
1474 1442 1530 1477 per
1556 1446 1622 1475 me,
1659 1434 1712 1465 vel
1740 1444 1838 1465 meam

211 1486 325 1533 gesimo
351 1489 464 1528 Sexto,
492 1487 668 1521 Indictione
694 1489 752 1521 IX.
774 1486 873 1527 menfie
899 1489 972 1519 Aa.
1084 1483 1319 1523 auctoritatem,
1348 1482 1552 1523 restituantur
1569 1483 1608 1514 de
1631 1481 1718 1515 bonis
1742 1481 1838 1524 meis,

211 1537 298 1583 gusti
310 1562 321 1579 ,
347 1537 398 1569 die
425 1539 497 1569 XX.
518 1536 727 1578 Pontificatus
748 1533 879 1567 Domini
898 1536 973 1565 Gre-
1079 1531 1176 1576 juxta
1202 1532 1384 1565 mandatum
1410 1531 1544 1566 Domini
1561 1534 1690 1577 Papae,
1719 1531 1761 1564 (9⁴
1782 1529 1839 1576 ju-

213 1585 297 1631 gorii
324 1587 382 1618 IX.
409 1587 539 1628 Papae,
565 1586 666 1617 Anno
694 1586 734 1616 X.
762 1585 833 1628 Ego
860 1582 972 1616 Lodoi-
1078 1581 1126 1623 ste
1152 1582 1402 1628 conquerentibus
1431 1580 1598 1625 satisfiat:
1626 1582 1669 1615 (θ’
1703 1581 1741 1614 de
1768 1580 1839 1621 rest.

217 1647 269 1669 cus
292 1636 398 1667 Comes
417 1633 455 1666 de
472 1635 619 1675 ferrem,
646 1633 804 1677 absolutus
819 1643 876 1679 per
893 1635 970 1666 Fra·
1084 1632 1157 1665 duis
1193 1632 1362 1665 mittantur
1396 1632 1559 1666 bellatores
1595 1631 1627 1665 in
1662 1631 1837 1675 subsidium

218 1695 295 1718 trem
317 1682 512 1725 Gotesridum
539 1684 581 1716 (9⁴
602 1685 746 1716 Fratrem
767 1683 974 1727 Raynaldum
1086 1685 1200 1716 Terrae
1225 1681 1361 1716 santiae
1384 1681 1479 1727 juxta
1505 1683 1690 1716 mandatum
1710 1682 1841 1715 Domini

218 1733 353 1770 Domini
378 1736 486 1779 Papae
512 1733 773 1767 Poenitentiarios
799 1734 840 1767 ab
877 1734 971 1766 omni·
1085 1735 1211 1778 Papae.
1249 1734 1296 1766 Et
1330 1732 1382 1766 hoc
1414 1732 1455 1773 esl
1490 1732 1636 1766 ultimum
1662 1731 1839 1773 Testamen-

219 1786 276 1819 bus
303 1783 685 1826 excommunicationibus,
713 1783 825 1830 quibus
851 1785 976 1817 tenebar
1086 1793 1151 1816 tum
1179 1795 1277 1815 meum
1294 1809 1304 1825 ,
1340 1785 1421 1827 quod
1446 1784 1518 1815 volo
1546 1782 1676 1825 firmum
1703 1781 1747 1815 (9⁴
1773 1782 1839 1815 illi.

218 1833 407 1876 αιίβνὶἑῖιις,
438 1834 537 1878 sanus
564 1833 686 1880 quidem
724 1844 848 1878 mente,
885 1832 975 1878 infir·
1015 1847 1049 1880 D
1087 1834 1194 1867 batum
1217 1835 1363 1878 perpetuo
1386 1843 1585 1878 permanere.

220 1897 288 1919 mus
315 1894 416 1917 autem
444 1894 561 1929 corpore
577 1910 586 1926 ,
624 1883 729 1916 nolens
764 1886 902 1918 decedere
929 1884 976 1916 in-
1139 1882 1261 1917 ,Actum
1279 1885 1399 1925 Reate,
1425 1882 1589 1924 secundum
1610 1880 1838 1928 interpretatio-

220 1936 371 1977 tellatus,
409 1947 508 1968 coram
533 1933 706 1968 Scriniario
734 1933 773 1967 Θ
796 1934 978 1980 subscriptis
1090 1945 1158 1967 nem
1183 1932 1309 1966 Fratris
1336 1932 1491 1975 Gotefridi
1514 1932 1670 1978 praedifi‘i
1694 1937 1733 1965 de
1760 1931 1841 1965 Lin-

221 1985 347 2026 testibus
373 1985 415 2018 ad
441 1985 493 2018 hoc
519 1997 538 2018 a
565 1997 611 2017 me
646 1984 782 2030 rogatis,
820 1995 976 2029 nuncupa·
1001 1986 1005 1994 “

221 2035 328 2069 tivum
344 2034 426 2077 facio
445 2034 694 2078 Testamentum,
719 2035 800 2081 quod
812 2034 882 2076 fine
900 2034 977 2078 scri·

224 2085 288 2131 ptis
322 2084 439 2118 dicitur
462 2084 534 2129 jure
568 2085 684 2120 civili.
721 2088 758 2119 In
786 2098 845 2132 quo
871 2085 975 2126 consti-

224 2146 277 2169 tuo
313 2134 389 2168 mihi
424 2134 562 2169 heredem
598 2135 766 2176 Ecclesiam
802 2140 978 2170 Romanam

225 2185 259 2219 in
288 2184 427 2218 omnibus
454 2186 541 2219 bonis
567 2186 641 2220 meis
667 2186 830 2220 mobilibus
857 2187 899 2220 (9⁰
921 2186 977 2219 irn-

225 2234 414 2277 mobilibus,
442 2235 521 2269 mihi
544 2237 582 2270 de
604 2235 677 2281 jure
697 2236 931 2283 speHantibus‚
959 2250 980 2271 a

226 2285 463 2332 quibuscumque
497 2286 722 2331 detineantur,
759 2298 824 2321 tam
858 2287 889 2320 in
917 2290 976 2321 Ca-

219 2336 319 2379 stris,
358 2335 474 2378 Villis,
503 2337 711 2378 Hominibus,
740 2338 783 2372 (θ’
812 2335 979 2381 Valsallis,
1091 2334 1171 2370 diiii
1199 2334 1325 2369 Fratris*
1351 2333 1531 2373 Gotesria'i.

226 2388 321 2432 quam
349 2385 381 2418 in
410 2386 497 2418 rebus
523 2386 620 2428 aliis,
642 2388 749 2432 salvis
772 2389 894 2422 duabus
915 2389 977 2421 Vil-
1141 2387 1212 2431 Ego
1228 2386 1367 2429 Aymo,
1387 2384 1489 2417 altius
1506 2386 1650 2429 Ypocras,
1672 2382 1756 2418 sacri
1774 2385 1845 2417 Ro-

227 2436 295 2476 lis,
317 2435 434 2479 scilicet
452 2436 638 2481 Agbentale
664 2438 706 2470 &⁶
734 2438 977 2483 Durlenstorpb,
1094 2434 1186 2470 mani
1225 2434 1368 2482 Imperii
1406 2434 1612 2469 §criniarius
1630 2460 1640 2476 ,
1675 2435 1716 2467 (9·
1735 2434 1847 2477 Judex

227 2499 293 2521 oum
330 2485 470 2519 omnibus
502 2487 702 2531 pertinentiis
731 2488 801 2532 suis
830 2490 862 2523 in
891 2489 978 2529 Eafi-
1093 2486 1270 2521 ordinarius
1297 2484 1448 2530 interfui,
1476 2485 1519 2518 <9⁴
1545 2495 1670 2532 rogatus
1690 2483 1819 2530 scripsi.

226 2536 320 2580 lienst
344 2535 508 2578 Dioecesi:
534 2549 612 2584 quas
637 2538 718 2572 duas
744 2540 848 2574 Villas
873 2539 983 2587 legavi
1009 2545 1016 2580 1

1087 1996 1153 2029 gua
1173 1982 1364 2016 Theutonica
1391 1982 1423 2015 in
1445 1982 1615 2017 Latinam,
1641 1981 1744 2023 Testes
1765 1981 1841 2025 sunt

1092 2036 1207 2067 Frater
1233 2033 1392 2067 Gerardus
1419 2033 1682 2066 Poenitentiarius
1709 2032 1752 2065 (9¹
1778 2034 1841 2065 Ca·

1087 2084 1256 2130 pellanus,
1285 2085 1400 2117 Frater
1426 2082 1631 2125 Gutesridus‚
1658 2082 1700 2114 (9'
1727 2083 1842 2115 Frater

1091 2134 1285 2177 Raynaldus
1320 2132 1563 2167 Poenitentiarii
1583 2159 1592 2175 ,
1630 2134 1744 2165 Frater
1775 2132 1842 2166 ,Αἶ-

1091 2186 1194 2218 bertus
1228 2184 1266 2217 de
1308 2184 1439 2217 Militia
1475 2183 1599 2229 Templi
1634 2185 1846 2227 supercocus,

1091 2233 1255 2275 Garofolus
1282 2237 1378 2267 Cocus
1405 2233 1536 2267 Domini
1562 2236 1689 2278 Papae,
1727 2231 1844 2265 Henri-

1024 2289 1053 2322 E
1091 2297 1141 2319 cus
1159 2284 1302 2318 Medicus
1318 2311 1328 2327 ,
1350 2284 1392 2317 (9⁶
1408 2283 1582 2326 Gotifridus
1600 2282 1736 2317 Clericus
1750 2295 1844 2329 prae-

1697 2582 1798 2620 Lite-
