2185 3027
231 192 289 245 53

584 182 1095 232 DISSERTATIO
1163 183 1391 231 NONA:

1693 200 1756 250 '54

173 243 228 281 los
255 245 500 283 incuti-eham:
529 246 623 294 quod
651 247 794 282 testatur
813 258 933 282 eorum
974 245 1010 281 A
1046 243 1152 289 causas
1184 244 1362 279 audiendas
1375 258 1396 288 ,⁴
1430 247 1639 293 resedentibus
1672 263 1740 285 eum
1775 255 1810 288 ω’

171 304 371 344 temporum
396 298 551 345 Scriptor
568 296 774 332 Veronenfis
796 296 934 332 Αυὲὶοι*

173 348 281 383 Vitae
309 348 426 383 Sancsti
453 347 681 390 Geminiani,
708 348 804 395 cujus
827 347 931 394 parti-

173 399 288 433 culam
306 398 470 448 evulgavi
492 400 581 433 Part.
602 400 645 433 II.
661 399 772 434 Tomi
791 399 834 433 ΙΙ.
854 400 932 434 Rer.

174 449 329 484 Italicar.
346 463 420 498 pag.
443 450 527 495 691.
549 449 598 483 Ea
617 448 794 484 occaslone
812 462 870 497 par
890 449 934 484 est

174 500 310 535 credere
325 528 336 543 ,
375 503 552 535 Marmora
591 502 768 548 complura
787 528 797 543 ,
835 509 933 535 vetu-

172 547 230 583 stis
258 550 418 595 Literis,
454 549 522 585 five
551 550 843 598 Inscriptionibus
878 563 933 585 or-

173 608 283 643 nata,
312 601 352 636 ad
383 599 563 649 magnifici
600 601 745 649 Templi
783 599 930 636 constru-

174 648 329 686 &ionem
343 652 520 696 adhibita,
532 653 707 687 tumulum
727 661 931 700 perpetuum

173 698 296 736 sortita
326 702 445 738 fuiffe.
482 705 647 738 Ceterum
686 715 793 750 quum
823 704 933 737 Anno
980 698 1006 731 Β

173 751 405 788 MCLXVII.
433 752 749 788 Mediolanenfium
779 754 870 788 Urbs
893 765 932 788 ac
962 762 965 772 ¹

173 802 333 848 potentia
353 802 600 847 resurrexerit,
621 804 653 838 δ(
676 802 836 839 adversus
856 803 929 838 Fri·

172 851 329 888 dericum
346 855 369 889 I.
384 854 576 901 Augustum
594 856 778 901 pleraeque
791 856 930 901 Lango-

174 901 358 938 bardorum
381 904 558 939 Civitates
582 916 676 939 arma
696 903 929 952 arripuerint,

173 953 206 988 8(
245 953 337 989 hisce
374 954 617 990 controversiis
654 956 762 989 Anno
790 954 929 989 demum

172 1004 456 1040 MCLXXXIII.
487 1007 558 1040 Pax
589 1004 814 1040 Constantiae
840 1004 931 1039 inita

172 1052 277 1088 finem
299 1055 454 1096 dederit,
477 1056 529 1089 uti
558 1055 655 1101 supra
684 1055 806 1090 monui
834 1055 928 1089 exin-

169 1102 211 1137 de
231 1102 379 1137 omnino
401 1103 644 1149 Imperialium
665 1104 851 1139 Missorum
871 1117 927 1138 ex-

171 1152 307 1200 peditio
334 1152 372 1187 in
402 1153 506 1188 Italia
534 1152 656 1196 defiit,
683 1155 716 1189 8<
744 1154 783 1189 in
804 1154 930 1201 aliqui-

171 1203 233 1238 bus
257 1203 503 1239 tantummodo
524 1205 612 1239 lociS
635 1204 836 1249 Imperiales
857 1207 931 1252 Ap-

169 1254 404 1302 pellationum
444 1253 584 1298 Judices
632 1253 845 1298 successere,
889 1256 930 1290 de

172 1305 299 1351 quibus
327 1304 417 1339 infra
444 1304 534 1340 mihi
563 1304 630 1340 erit
657 1304 769 1340 sermo
794 1305 830 1340 in
855 1304 930 1340 Dis.

171 1354 287 1390 ser-tat.
308 1357 476 1391 XLVIII.
497 1357 533 1390 de
553 1356 691 1390 Civitat.
713 1356 853 1391 Italicar.
873 1356 928 1389 Li-

169 1406 316 1440 bertate.
354 1408 478 1453 Neque
516 1406 816 1454 praetermittam,
855 1419 925 1441 mo-

168 1469 239 1490 rem
270 1456 504 1504 complurium
551 1456 756 1503 Principum
785 1470 823 1492 ac
853 1458 929 1491 Ma-

168 1515 341 1553 gnatum,
386 1507 447 1555 qui
483 1507 597 1542 literis
626 1507 826 1556 majusculis
863 1506 930 1542 sese

165 1555 386 1593 subscribunt
406 1585 414 1601 ,
443 1558 485 1592 ab
514 1557 670 1605 antiquis
707 1557 928 1605 temporibus

168 1605 395 1641 descendere.
438 1608 546 1654 quue
582 1607 669 1643 alibi
707 1610 814 1643 etiam
855 1608 927 1643 ani·

168 1655 372 1702 madverti3
410 1669 487 1690 nam
519 1656 614 1702 saepe
650 1657 740 1692 mihi
769 1658 805 1692 in
834 1668 924 1694 vete-

167 1719 243 1741 rum
275 1705 512 1740 monumentis
540 1716 765 1740 occurrerunt
802 1708 923 1752 Episco-

161 1756 199 1802 pi
214 1783 224 1797 ,
246 1758 369 1798 Duces,
390 1756 611 1798 Mmdfiones,
631 1757 662 1789 8<
687 1757 822 1789 Comites
836 1783 844 1795 ,
865 1756 927 1804 qui

165 1814 252 1841 tunc
288 1805 458 1840 Ordinem
498 1805 702 1850 Principum
742 1805 925 1841 constitue—

166 1856 278 1899 bant,
319 1855 567 1903 distinguentes
609 1854 675 1890 sese
718 1856 736 1890 ὲ
778 1856 925 1903 reliquis

164 1905 481 1950 subscribentibus,
521 1905 777 1941 chara&eribus
816 1907 921 1953 maju-

165 1956 269 1992 sculis
297 1970 425 1991 nomen
455 1955 550 1991 suum
580 1955 810 2004 consignando
832 1983 840 1992 .
872 1957 923 1992 Id-

167 2021 233 2054 que
261 2007 398 2055 insuper
425 2008 444 2041 ὲ
472 2007 578 2051 Miffis
613 2007 728 2052 Regiis
764 2006 838 2042 illis
876 2006 923 2042 fa-

165 2058 284 2101 etum,
323 2057 384 2103 qui
412 2071 453 2092 ex
483 2057 687 2102 Principum
716 2057 849 2092 Ordine
877 2057 923 2093 se-

165 2108 383 2156 ligebantur.
409 2109 519 2157 Cujus
549 2107 597 2143 rei
620 2121 726 2142 unum
754 2107 923 2153 proferam

165 2159 364 2203 exemplum
382 2184 390 2192 .
418 2159 459 2192 In
488 2157 649 2194 Lucensis
678 2157 922 2206 Archiepisco-

165 2208 216 2256 pii
256 2207 444 2243 Chartario
481 2209 657 2244 Placitum
696 2208 922 2255 archetypum

166 2258 270 2302 vidi,
308 2257 474 2306 scriptum
502 2262 611 2294 Anno
639 2258 770 2295 Christi
797 2261 922 2294 MLV.

168 2322 210 2345 ex
238 2321 308 2356 quo
343 2307 427 2343 haec
460 2309 629 2356 excerpsi:
669 2313 755 2344 Dum
790 2310 823 2344 in
860 2310 924 2345 Dei

167 2360 309 2402 nomine,
339 2358 371 2392 in
398 2362 525 2394 Palatio
549 2361 681 2395 Domini
703 2362 922 2407 Imperatoris,

168 2409 223 2456 qui
248 2408 289 2451 est
314 2419 405 2455 prope
444 2411 540 2445 muris
574 2413 612 2446 de
639 2411 783 2446 Civitate
809 2415 895 2446 Luca
911 2439 922 2455 ,

166 2459 343 2504 injudicio
369 2459 506 2504 resedisse
542 2464 683 2496 Domnus
719 2463 924 2497 Ebherardus

160 2510 355 2557 Episcopus,
382 2508 501 2556 Miffus
521 2513 640 2547 Domni
662 2513 861 2560 Imperatoris
878 2513 923 2547 ad

969 1614 1003 1648 D

1049 295 1198 329 Hubaldo
1232 298 1341 329 Comes
1365 298 1404 329 de
1429 300 1572 344 Parma,
1608 301 1735 348 Oppitio
1768 303 1808 337 de

1047 345 1125 390 Pt'sa
1152 346 1219 380 &a
1248 345 1350 392 ibique
1376 359 1476 380 eorum
1499 350 1660 394 presentiis
1678 356 1708 396 J
1711 353 1809 386 ohan·

1048 409 1100 429 nes
1127 396 1190 430 Dei
1211 396 1322 443 gratia
1356 396 1527 443 Ethcopus
1563 402 1707 442 Lucensis
1742 416 1807 438 una

1046 460 1112 480 cum
1149 446 1301 480 Morecito
1334 449 1482 481 Avocato
1503 448 1560 492 suo
1587 461 1727 495 ceperunt
1753 454 1807 488 di.

1047 510 1107 531 cere
1143 497 1295 541 adversus
1329 497 1532 533 Ebherardus
1567 500 1736 546 Episcopus
1764 505 1807 537 ξφ

1047 546 1164 593 Ivaffin
1200 547 1332 582 Domini
1367 549 1596 593 Imperatoris:
1636 554 1727 584 Abeo
1758 554 1807 597 ΕΘ·

1047 608 1131 632 teneo
1156 600 1200 632 ad
1220 597 1294 643 jure
1327 598 1534 643 proprietario
1569 601 1612 633 ad
1644 611 1719 646 pars
1746 605 1809 636 Ec-

1046 648 1130 689 clesie
1165 648 1371 694 Eptscopatm‘
1406 647 1504 690 nostro
1538 650 1652 683 Sans-h*
1687 653 1811 686 Marti.

1047 700 1082 732 ni
1108 702 1204 733 Curte
1240 700 1325 741 illa,
1363 711 1420 744 que
1445 698 1487 740 est
1515 699 1547 733 in
1575 701 1637 735 loco
1664 701 1707 735 <9⁶
1725 701 1809 745 fini-

1046 751 1103 784 bus
1129 750 1278 793 Murlia,
1306 762 1372 783 cum
1399 749 1538 790 Ecclesia
1564 751 1624 785 illa
1640 779 1649 793 ,
1678 752 1727 786 cui
1753 766 1810 786 vo.

1046 801 1189 835 calvulum
1215 799 1300 834 beati
1325 799 1438 834 Sanffli
1458 801 1608 846 Terenti,
1630 802 1716 846 infra
1741 803 1811 849 ipsa

1047 853 1143 884 Curre
1168 850 1397 894 consistentem,
1429 850 1485 895 seu
1512 865 1578 885 cum
1606 853 1742 895 Castello
1769 854 1813 888 (Τ

1047 902 1170 935 Carbon
1186 926 1346 937 .......
1383 901 1396 947 (
1416 900 1552 937 fortasse
1587 905 1807 948 Carbonaria,

1047 951 1087 986 de
1124 964 1191 998 qua
1227 964 1314 987 voce
1350 952 1406 999 egi
1434 951 1471 986 in
1500 953 1641 988 Differt.
1676 956 1808 990 XXVI.

1044 1004 1080 1035 de
1100 1001 1258 1049 Militia)
1281 1003 1323 1035 (Ὺ
1348 1016 1438 1037 mura
1466 1003 1499 1036 in
1527 1004 1692 1038 circuitum
1713 1004 1808 1051 ipsius

1044 1052 1175 1093 Castelli
1202 1053 1270 1087 &a
1297 1053 1330 1087 ὃς
1354 1053 1504 1087 bannum
1534 1053 1633 1100 super
1654 1067 1728 1089 eam
1752 1068 1810 1102 pe-

1046 1102 1126 1137 tiit.
1154 1104 1257 1137 Tunc
1287 1104 1447 1137 Domnus
1477 1103 1697 1138 Ebherardus
1725 1105 1810 1145 mifit

1044 1154 1190 1186 bamnum
1226 1152 1360 1186 Domini
1396 1154 1597 1198 Imperatoris
1631 1154 1727 1200 super
1761 1168 1810 1188 eo.

1043 1204 1113 1236 dem
1139 1202 1306 1246 johannes
1342 1203 1514 1249 Eptscopus
1551 1203 1583 1237 in
1618 1205 1680 1238 duo
1716 1205 1810 1239 milia

1047 1252 1208 1296 Mancosos
1234 1253 1325 1288 auri.
1353 1254 1506 1288 Chartae
1534 1253 1584 1288 ita
1613 1254 1809 1302 subscripsit

1044 1301 1253 1350 Episcopus:
1270 1306 1359 1337 EGO
1372 1307 1711 1339 EBERHARDVS
1721 1308 1809 1339 EPs

1045 1355 1210 1387 MISSVS
1237 1356 1568 1390 INPERATORIS
1599 1358 1810 1390 SVBSCRI-

1043 1406 1139 1438 PSI.
1167 1406 1336 1440 Ceterum
1376 1414 1510 1452 praeter
1546 1406 1735 1449 Comites,
1772 1419 1808 1441 a-

1042 1453 1178 1502 liosque
1203 1454 1403 1490 ordinarios
1424 1455 1581 1498 Justitiae
1602 1456 1785 1491 Ministros
1800 1484 1811 1500 ,

1041 1505 1072 1539 8(
1116 1514 1251 1552 praeter
1292 1504 1454 1540 sublimis
1501 1506 1647 1541 Ordinis
1695 1506 1808 1553 Mifflas

1042 1554 1205 1591 haetenus
1235 1566 1449 1591 memoratos
1468 1583 1478 1600 ,
1516 1557 1581 1604 qui
1610 1557 1663 1603 jus
1692 1559 1808 1605 Popu-

1040 1607 1084 1641 lis
1120 1606 1338 1650 reddebant,
1374 1606 1554 1642 interdum
1593 1608 1612 1642 ὲ
1652 1609 1806 1656 Regibus

1039 1657 1071 1690 &
1112 1656 1278 1705 Augustis
1314 1656 1483 1702 Mifforum
1519 1671 1647 1694 munus
1675 1658 1806 1694 defere-

1041 1707 1141 1741 batur
1169 1707 1318 1743 minoris
1347 1708 1533 1756 dignitatis
1571 1708 1804 1752 hominibus,

1041 1755 1106 1788 hoc
1134 1756 1179 1790 est
1203 1757 1386 1799 judicibus
1404 1785 1413 1801 ,
1443 1759 1614 1794 Diaconis
1642 1760 1707 1794 &c.
1741 1760 1805 1806 qui

1042 1814 1221 1851 propterea
1249 1808 1499 1843 controversias
1527 1818 1588 1844 aut
1614 1822 1736 1843 omnes
1762 1809 1803 1843 si-

1042 1854 1075 1888 bi
1103 1855 1264 1898 oblatas,
1302 1865 1361 1891 aut
1388 1856 1598 1905 singulares,
1634 1859 1677 1893 ad
1715 1872 1800 1906 quas

1040 1904 1293 1950 cognoscendas
1340 1906 1491 1955 delegati
1537 1918 1635 1944 erant
1657 1936 1667 1952 ,
1712 1909 1800 1945 diri-

1041 1957 1205 1991 mebant.
1243 1958 1282 1990 ln
1311 1956 1614 2005 Chartoph·ylacio
1651 1960 1801 2008 Capitu-

1039 2006 1066 2040 li
1103 2005 1367 2041 Canonicorum
1405 2008 1691 2045 Cremonensium
1723 2011 1801 2046 Pla·-

1039 2055 1149 2092 citum
1191 2056 1294 2098 vidi,
1336 2057 1496 2093 habitum
1540 2062 1658 2094 Hanno
1700 2063 1801 2107 Impe-

1038 2107 1081 2140 rii
1108 2107 1228 2141 Domni
1264 2109 1418 2151 Hottoni,
1455 2113 1522 2144 Deo
1543 2112 1703 2157 propicio,
1741 2115 1799 2147 IX.

1038 2157 1161 2202 Quinto
1200 2157 1253 2191 die
1290 2158 1414 2199 IWenfis
1453 2162 1669 2205 Septembris,
1708 2163 1798 2195 Insti-

1037 2209 1135 2242 &ione
1155 2210 1210 2242 IV.
1232 2206 1315 2242 idest
1333 2210 1441 2244 Anno
1463 2210 1592 2245 Christi
1615 2213 1798 2247 DCCCC·

1036 2260 1185 2294 LXXV.
1228 2271 1269 2292 ex
1311 2271 1381 2305 quo
1424 2259 1507 2294 haec
1556 2273 1662 2304 pauca
1709 2261 1797 2296 deli.

1037 2308 1144 2344 bavi:
1189 2311 1275 2343 Dum
1311 2309 1345 2342 in
1380 2310 1444 2343 Dei
1480 2310 1626 2354 nomine,
1663 2312 1796 2346 Civita-

1036 2370 1066 2394 ιε
1091 2359 1217 2406 Papia,
1255 2359 1288 2393 in
1324 2364 1421 2394 Curre
1444 2361 1571 2407 propria
1599 2362 1716 2396 Domni
1740 2366 1797 2398 A.

1035 2410 1148 2453 dami,
1176 2410 1230 2456 qui
1259 2411 1302 2444 (Ὺ
1326 2412 1449 2457 ,Ατγιῐξζο
1476 2413 1613 2455 Judex,
1647 2422 1705 2458 per
1737 2416 1796 2449 da.

1036 2471 1072 2496 ta
1106 2461 1262 2504 licentia,
1304 2460 1337 2495 in
1373 2461 1495 2508 judicio
1523 2461 1664 2503 resideret
1705 2464 1799 2497 Wal.

1006 2512 1138 2548 'tarius
1173 2513 1286 2556 Judex
1332 2513 1375 2546 (9⁶
1414 2511 1533 2558 Mtffus
1576 2512 1694 2548 Domni
1733 2515 1796 2547 Im.

1183 2564 1217 2596 D
1274 2573 1294 2596 2
1624 2573 1746 2609 perato-
