2185 3027
382 219 461 259 375
672 204 1080 265 ANTJQMT.
1130 204 1369 249 MEDJI
1411 209 1595 253 AEVJ
1805 213 1892 270 375

316 275 380 297 nae
401 262 694 310 Imperatoribus.
720 266 754 299 8<
775 264 991 314 subsequutis
1011 280 1071 315 po·
1097 265 1140 314 {B
1188 268 1373 314 Imperatore
1407 270 1571 305 Frederico
1597 269 1795 315 confirmatus
1819 271 1949 318 posteag

316 312 383 348 stea
403 313 640 359 temporibu8‚
660 315 766 351 licuit
776 316 958 365 Episcopis
974 316 1070 352 suurn
1098 315 1101 358 l

314 362 440 399 habere
465 365 734 410 Tabellionem,
755 367 788 401 δε
808 367 1012 415 quibusdam
1038 381 1071 402 e·

314 413 405 449 tiam
433 414 518 450 duos
545 424 604 451 aut
631 424 719 452 tres:
751 430 837 465 quae
861 417 1070 466 praerogati-

316 476 361 499 va
394 464 513 500 senfim
551 479 690 514 quoque
727 478 913 516 propagata
949 468 993 503 est
1029 468 1070 503 ad

314 515 609 552 Monasteriorum
638 517 813 556 Abbates.
841 519 990 553 Carolus
1016 520 1070 554 M.

311 564 350 600 in
379 566 578 614 Capitulari
606 568 693 613 apud
723 568 906 604 Baluzium
924 596 934 612 ‚
962 570 1069 605 Torn.

312 617 342 652 Ι.
372 629 447 665 pag.
484 629 570 664 421.
607 617 747 653 sanxit:
788 622 829 654 Ut
865 619 1071 666 unusquisque

311 667 484 713 Episcopus
511 670 552 702 (9¹
579 670 698 712 Abba,
725 669 768 703 (9¹
786 669 912 716 singuli
935 670 1072 705 comites

305 716 402 762 suum
429 719 596 753 Notarium
622 719 779 754 habeant.
808 721 904 755 Idem
931 733 1071 769 quoque

311 767 351 807 in
383 769 484 803 Italia
522 768 672 804 sagium.
710 771 830 817 Atque
857 770 941 806 hinc
967 771 1071 808 habe-

311 831 412 861 mus,
440 818 490 853 fas
518 819 721 854 Comitibus
742 821 848 855 etiam
874 820 973 857 fuisse
993 835 1070 866 pro-

310 869 427 916 prium
445 868 503 903 fibi
523 869 727 905 constituere
745 870 934 908 Notarium
946 900 955 908 .
971 872 1071 918 Quin

311 918 471 954 Ducibus
499 918 534 953 id
562 932 701 967 quoque
728 921 892 967 licuerit,
920 924 954 958 &
973 925 1069 959 Mar-

309 968 496 1003 chionibus
515 996 525 1012 ‚
567 969 798 1007 dubitandum
827 973 976 1009 minime
1003 974 1071 1010 est.

307 1020 352 1054 In
383 1020 457 1053 Par.
486 1020 511 1054 Ι.
550 1020 735 1068 Antiquit.
771 1022 897 1060 Estens.
935 1025 1071 1060 tabulas

309 1082 374 1117 ego
405 1069 535 1116 protuli
564 1070 707 1112 scriptas
728 1073 746 1107 ὲ
768 1074 998 1122 Draffolpho,
1022 1077 1071 1110 U-

310 1118 414 1155 baldo
437 1146 447 1162 ‚
491 1120 638 1167 aliisque
683 1123 844 1159 Notariis
890 1127 1073 1172 Welphonis

307 1169 433 1206 Ducis,
462 1168 517 1203 seu
547 1172 746 1205 Marchionis
766 1175 915 1218 Tusciae.
944 1178 998 1210 Ex
1019 1175 1071 1211 hi·
1112 1161 1144 1195 C

307 1217 362 1253 sce
392 1218 554 1254 Notariis
583 1232 690 1255 unum
719 1221 840 1258 inveni
878 1224 916 1258 in
953 1227 1071 1261 Tabu-

310 1268 401 1305 lario
430 1269 607 1304 Abbatiae
634 1269 777 1318 insignis
804 1273 922 1309 SanEH
960 1277 1070 1311 Zeno·

306 1318 362 1354 nis
393 1318 623 1355 Veronensis.
661 1322 758 1356 Haec
795 1336 838 1358 ex
866 1324 998 1360 Charra
1025 1326 1066 1360 ab

306 1368 384 1415 ipso
412 1369 538 1416 scripta
568 1372 781 1418 excerpenda
816 1373 932 1410 duxi:
968 1380 1068 1411 ..Anno

307 1420 441 1455 Domini
460 1419 555 1460 nostri
564 1421 647 1463 sesu
662 1422 782 1463 Christi
797 1424 970 1465 Millestmo
988 1430 1071 1460 Cen-

305 1468 411 1509 tesimo
441 1470 672 1515 Septuagefimo
697 1471 817 1506 offavo
831 1498 942 1508 .....
970 1479 1073 1509 Anno

306 1520 436 1565 Imperii
465 1518 533 1561 ejus
571 1521 670 1565 Viges.
683 1547 773 1557 .....
801 1523 976 1556 IndiHione
1009 1526 1066 1559 XI.

305 1570 462 1605 Dominus
477 1569 650 1604 Grimerius
667 1573 698 1605 V
696 1571 831 1606 icecomes
841 1573 1046 1607 Placentinus
1057 1600 1067 1617 ‚

310 1623 446 1654 Veronae
472 1620 630 1663 Potestas,
652 1622 717 1656 &a
740 1626 834 1657 Ante
851 1623 950 1670 ipsum
971 1627 1066 1659 Dom-

307 1683 368 1704 nus
393 1671 551 1704 Germ-dus
577 1673 693 1706 Akbas
727 1672 840 1707 sanai
872 1675 1010 1708 Zenonis
1035 1688 1066 1709 o-

301 1720 419 1765 stendit
446 1724 576 1755 Cartam
602 1723 782 1768 quandam,
821 1724 854 1758 in
881 1738 944 1772 qua
970 1726 1064 1759 conti·

306 1773 462 1813 nebatur,
505 1775 662 1806 Damnum
697 1775 875 1808 Ratoldum
909 1777 1066 1821 quondam

304 1822 515 1855 venerabilem
542 1823 728 1869 Episcopum
750 1825 970 1870 Veronensem,
990 1840 1065 1860 com-

306 1873 491 1905 mutationis
518 1873 640 1906 nomine
667 1873 810 1921 accepiffe
843 1877 884 1911 ab
917 1877 1065 1911 excellen-

303 1921 416 1966 tissimo
452 1922 569 1969 PIpino
605 1926 849 1960 Lombardorum
884 1931 995 1974 Rege,
1031 1942 1068 1962 ex

301 1971 374 2017 jure
401 1973 523 2020 Regio,
551 1977 677 2008 Curtem
698 1990 793 2010 unam
814 1977 847 2011 in
862 1977 989 2021 finibus
1010 1981 1067 2012 Ve-

305 2023 459 2063 ronensis.
487 2038 544 2069 que
570 2026 751 2071 appellatur
768 2028 934 2062 Manticus
954 2032 1022 2063 &aa
1047 2031 1068 2063 ιὶ

306 2074 396 2107 Calli
422 2077 516 2108 Nove
542 2075 634 2121 usque
655 2077 687 2109 in
709 2078 933 2124 Tra-versagna
950 2080 988 2113 de
1007 2082 1070 2114 Ca·
1094 2054 1137 2137 fE

299 2123 393 2165 stello
429 2125 555 2158 Motari
591 2127 658 2161 (ΒΥ.
687 2129 759 2173 Ego
785 2129 978 2163 Fantolinus
1003 2132 1068 2165 No-

306 2174 407 2209 tarius
434 2175 567 2211 Domini
603 2177 758 2221 Welsonis
791 2179 913 2224 Ducis,
951 2180 995 2214 &⁸
1029 2182 1070 2216 ab

1185 318 1324 363 prediHo
1351 319 1488 361 Consilio
1515 321 1682 363 Potestam
1716 323 1791 356 dato
1823 322 1866 355 θ’
1884 322 1949 366 fir-

1189 378 1271 402 mato
1299 370 1452 414 interfui.
1481 371 1584 406 Alias
1613 371 1720 406 etiam
1749 372 1836 408 alibi
1866 371 1948 408 scri-

1189 427 1264 465 ptas
1299 419 1375 455 vidi
1412 422 1521 456 Anno
1551 423 1745 457 MCLXV.
1782 423 1816 457 8<
1852 423 1947 458 Mc-

1188 470 1318 505 LXIX.
1332 471 1365 505 ,ὲ
1392 472 1534 506 Guidone
1560 473 1710 507 Palatini
1727 473 1860 507 Comitis
1878 476 1948 507 Nat-⁴

1189 520 1288 554 tario.
1303 522 1481 557 Praeterea
1499 524 1605 557 Anno
1622 522 1749 558 Christi
1769 524 1946 559 MCCIX.

1189 570 1374 613 Bonisocius
1392 573 1541 606 Palatini
1559 574 1692 607 Comitis
1711 574 1864 608 Notarius
1886 587 1947 609 oc-

1188 621 1298 655 currit
1339 621 1455 657 mihi.
1496 625 1542 657 Et
1581 625 1691 658 Anno
1732 624 1944 660 MCCXVI.

1187 672 1351 705 Conradus
1376 672 1570 716 Palatinus,
1607 674 1649 706 (9⁶
1676 673 1810 707 Domini
1844 675 1947 718 Impe-

1187 721 1298 754 ratoris
1326 722 1485 755 Frederici
1511 722 1684 756 Notarius.
1713 721 1868 757 Palatini
1888 722 1945 759 isti

1187 771 1348 806 Comites
1376 784 1446 807 non
1475 771 1538 807 alii
1566 771 1658 807 mihi
1697 770 1796 807 fuisse
1823 772 1948 808 viden-

1187 830 1244 856 tur
1270 822 1374 869 quam
1411 822 1546 856 Comites
1579 823 1619 856 de
1653 823 1839 867 Laumello,
1875 822 1946 861 five

1185 876 1224 906 de
1250 873 1387 907 Lomello
1403 899 1413 915 ‚
1442 886 1528 919 quos
1556 872 1690 907 Comites
1709 873 1796 917 sacri
1821 873 1948 909 Palatii

1186 922 1284 958 fuifl'e
1316 922 1446 958 ostendi
1485 922 1583 971 supra
1619 923 1657 958 in
1693 923 1946 960 Differtatione

1188 975 1291 1008 VIII.
1317 975 1356 1007 de
1383 973 1529 1007 Comitib.
1567 975 1674 1008 Palat.
1712 975 1752 1008 In
1789 974 1947 1010 Tabula-

1185 1023 1239 1058 rio
1282 1023 1444 1070 Capituli
1488 1025 1752 1059 Canonicorum
1795 1025 1946 1073 Regieri-

1184 1072 1268 1109 fium
1297 1074 1429 1109 Charta
1457 1073 1655 1109 adservatur
1682 1076 1790 1110 Anno
1820 1077 1946 1112 MCC·

1184 1126 1282 1160 LVI.
1304 1124 1430 1172 scripta
1458 1125 1475 1158 ὲ
1495 1124 1646 1167 johanne
1673 1126 1806 1158 Notario
1833 1127 1945 1159 Domi-

1184 1175 1219 1208 ni
1247 1175 1375 1210 Marchi
1402 1173 1534 1208 Comitis
1556 1174 1595 1206 de
1616 1174 1772 1208 Lomello.
1801 1175 1853 1210 Ita
1876 1177 1945 1211 Ve-

1184 1224 1335 1260 ronenfis
1363 1222 1519 1259 Comitis
1549 1223 1738 1258 Notarium
1767 1225 1878 1273 reperi
1906 1225 1946 1261 in

1184 1275 1316 1310 Charta
1333 1274 1404 1322 ejus
1422 1272 1527 1308 Urbis
1544 1274 1682 1308 exarata
1694 1276 1801 1309 Anno
1816 1277 1945 1312 MCC.

1184 1326 1266 1359 VII.
1287 1338 1392 1371 quum
1416 1323 1466 1358 ibi
1490 1324 1670 1360 potestatis
1692 1338 1832 1361 munere
1851 1325 1944 1362 frue-

1183 1385 1278 1411 retur
1292 1379 1370 1418 Azo
1392 1374 1537 1408 Mar-chio
1556 1375 1714 1418 Estensis.
1731 1378 1817 1411 Eam
1841 1376 1945 1425 quip-

1154 1429 1224 1472 'pe
1254 1423 1384 1471 scripsit
1421 1424 1578 1464 Bellasius
1614 1427 1745 1461 comitis
1782 1427 1944 1471 Bonifacii

1154 1490 1157 1522 2
1182 1475 1357 1516 Notarius,
1386 1475 1442 1509 cui
1474 1474 1524 1520 jus
1552 1482 1624 1508 erat
1653 1474 1791 1509 creandi
1833 1478 1945 1511 Nota.

1181 1524 1273 1556 rium
1302 1537 1364 1568 pro
1393 1523 1460 1556 suis
1489 1523 1635 1564 feudis,
1664 1522 1732 1559 slve
1757 1525 1941 1575 Allodiis;

1183 1583 1296 1618 neque
1344 1569 1496 1617 amplius
1542 1571 1703 1606 Comites
1749 1573 1838 1608 Urbi
1885 1575 1946 1611 illi

1183 1629 1384 1669 praeerant,
1413 1633 1500 1667 quae
1529 1619 1597 1666 jam
1625 1620 1685 1656 diu
1711 1621 1875 1658 libertate
1896 1624 1946 1660 as.

1182 1672 1293 1708 sumta
1319 1673 1337 1707 a
1374 1670 1587 1707 Consulibus
1605 1699 1615 1716 ,
1657 1681 1717 1707 aut
1743 1673 1760 1707 ὲ
1792 1674 1943 1711 Potesta-

1183 1723 1276 1759 tibus
1316 1723 1521 1767 regebatur.
1564 1724 1593 1757 E
1636 1722 1857 1772 Privilegio‚
1901 1734 1943 1761 ut

1184 1774 1287 1817 dixi,
1316 1776 1450 1823 Regum
1468 1801 1478 1817 ‚
1516 1782 1575 1809 aut
1603 1775 1856 1822 Imperatorum
1885 1775 1944 1811 de.

1188 1824 1369 1860 scendebat
1416 1823 1562 1858 facultas
1605 1823 1667 1859 illa
1711 1823 1944 1862 constituendi

1184 1874 1382 1922 Notarios;
1420 1886 1500 1908 narn
1527 1873 1561 1907 8<
1589 1872 1650 1920 ipfi
1678 1872 1871 1922 Episcopi,
1901 1885 1941 1912 ut

1183 1939 1240 1961 eos
1268 1924 1328 1960 fibi
1357 1933 1532 1967 crearent,
1562 1923 1580 1957 ὲ
1612 1925 1704 1972 Rege
1733 1923 1940 1962 facultatem

1183 1976 1370 2025 impetrare
1397 1974 1672 2010 consueverunt.
1692 1973 1802 2022 Cujus
1830 1976 1939 2012 moris

1183 2027 1276 2063 inter
1302 2027 1414 2062 multa
1441 2024 1638 2071 exemplum
1677 2037 1784 2059 unum
1825 2026 1940 2073 profe.

1182 2091 1255 2114 ram
1274 2106 1284 2121 ‚
1313 2077 1482 2125 Diploma
1508 2087 1631 2122 nempe
1649 2102 1658 2117 ,
1696 2075 1792 2123 cujus
1821 2075 1942 2114 arche.‘

1182 2138 1306 2177 typum
1331 2127 1406 2163 vidi
1426 2126 1464 2161 in
1484 2125 1646 2161 Archivo
1674 2125 1939 2164 Canonicorum

1182 2178 1397 2230 Regienfium
1411 2203 1421 2211 .

305 2267 488 2324 Hugonis
519 2270 557 2310 δι
591 2269 772 2312 Lotharii
804 2274 961 2327 Regum
993 2272 1131 2316 Italiae
1163 2271 1376 2329 Diploma‚
1407 2284 1486 2326 quo
1517 2269 1709 2312 Ecclesiae
1749 2268 1933 2326 Regienfi

446 2328 582 2370 omnia
605 2328 686 2383 ejus
711 2329 942 2387 Privilegia,
963 2330 1070 2387 jura,
1093 2335 1131 2375 &
1155 2332 1241 2375 loca
1265 2329 1520 2384 confirmant,
1548 2333 1669 2372 Anno
1693 2345 1792 2386 942.

351 2439 385 2472 N
409 2436 531 2472 nomine
557 2437 694 2474 sanffae
713 2440 756 2474 (9¹
778 2440 970 2476 individuae
988 2440 1062 2475 Tri.

374 2489 507 2523 nitatis.
545 2491 640 2534 Hugo
666 2491 709 2524 (9'
735 2492 907 2527 Lotbarius
944 2492 1065 2526 divino

298 2542 485 2587 pre-vidente
518 2538 680 2575 clementia
719 2546 824 2590 Reges
840 2570 850 2580 .
893 2545 932 2579 In
968 2542 1061 2588 stam

1176 2437 1354 2474 Catholicae
1388 2438 1509 2482 Fidei,
1547 2439 1590 2473 (9⁶
1625 2438 1831 2480 Ecclefiarum
1867 2437 1932 2473 Dei

1180 2489 1400 2532 restauratione
1427 2489 1536 2537 Regni
1563 2489 1655 2532 nostri
1683 2489 1803 2532 stanam
1833 2487 1937 2533 subfi-

1168 2541 1273 2587 stere,
1300 2541 1472 2588 praesentis
1502 2553 1617 2588 qaoque
1644 2541 1686 2576 &¹
1712 2550 1854 2575 aeternae
1880 2537 1935 2580 *vi-j

1823 2599 1877 2624 zac
