2185 3027
189 222 203 247 Ι
218 224 235 250 2
249 222 265 249 I

179 263 413 313 Privilegium
435 262 501 299 hoc
522 265 541 299 ὲ
566 277 620 300 me
642 264 836 313 inspe&um
858 266 891 300 ὅ(

127 315 384 351 contre&atum
416 317 528 352 Notas
555 328 676 350 omnes
712 315 892 363 archetypi

128 363 297 415 praeferre
317 367 407 402 mihi
429 366 543 401 visum
563 366 630 409 est,
647 365 709 401 nifi
727 367 820 414 quod
841 367 892 402 Si-

130 418 257 465 gillum
286 418 336 453 ibi
358 416 630 461 defiderabarur‚
651 416 788 452 sciffurfi
818 426 892 452 tan·

129 478 205 503 tum
234 481 459 516 pergamenae
487 477 694 516 apparente,
720 468 759 503 in
787 481 890 516 quam
917 470 920 509 ὶ

130 517 192 566 figi
218 520 251 553 δε
279 518 412 553 firmari
439 531 514 554 cera
543 519 662 567 sigilli
690 518 892 554 consuevit.
919 514 920 533 ¹

130 568 261 606 Nihilo
276 578 393 604 tamen
411 569 516 605 secius
532 583 602 604 non
621 583 690 604 uno
706 570 800 605 vitio
816 571 893 605 No-

128 627 183 654 tas
220 619 500 668 Chronologicas
538 620 756 668 Diplomatis
791 619 892 667 hujus

130 670 286 705 laborare
327 672 346 706 ὲ
383 670 530 719 vestigio
566 671 758 706 intellexi.
798 671 893 706 Fieri

130 733 203 755 non
231 721 372 767 potuit,
400 731 439 756 ut
465 725 567 756 ,Anno
595 724 814 757 DCCCCXV.
837 720 892 756 de-

133 779 285 807 curreret
308 774 432 806 Annus
460 774 519 806 III.
556 772 684 818 Imperii
724 774 894 820 Berenga-

131 820 198 856 rii.
227 820 308 856 Illic
335 820 554 857 scribendum
582 822 700 870 potius
726 823 795 858 fuit
819 826 894 858 ,Ah-

131 884 170 905 no
196 874 469 907 DCCCCXVIII.
498 886 567 920 quo
608 886 727 908 revera
754 873 792 908 in
821 886 894 908 cur-

132 920 169 956 su
189 931 262 957 erat
281 925 403 956 Annus
422 922 442 940 *
465 923 566 957 Tertii
586 923 733 969 Imperii,
754 925 788 958 ὃς
809 937 893 972 quo-

131 984 210 1008 cum
251 972 385 1007 Indiffio
429 976 482 1008 VI.
519 973 708 1008 convenire
749 975 868 1021 potuit
885 999 894 1009 .

132 1024 263 1057 Verum
293 1023 354 1058 ubi
381 1024 470 1059 hanc
494 1023 776 1059 emendationem
797 1024 892 1060 adhi-

133 1072 232 1113 beas,
261 1074 369 1107 altera
396 1073 568 1108 discordia
587 1073 756 1122 insurgit.
785 1077 892 1110 Nem-

131 1134 173 1169 pe
199 1124 322 1155 ,Annus
345 1125 500 1156 XXVIII.
526 1125 632 1168 Regni
653 1137 796 1160 concors
817 1125 893 1172 qui-

130 1171 208 1206 dem
237 1170 282 1206 est
316 1183 397 1206 cum
431 1175 532 1206 Anno
567 1175 788 1211 DCCCCXV.
823 1188 894 1211 non
935 1171 965 1204 C

132 1232 249 1258 autem
276 1234 355 1257 cum
382 1225 482 1257 Anno
509 1225 782 1261 DCCCCXVIII.
818 1227 889 1260 Ac-

132 1272 224 1308 cedit
252 1275 344 1320 quod
382 1286 489 1321 quum
527 1273 663 1307 Indiffio
700 1277 754 1309 VI.
791 1276 890 1310 cadat

131 1322 170 1359 in
208 1323 463 1365 Decembrem,
498 1334 603 1370 atque
638 1323 674 1359 in
712 1324 791 1360 aliis
829 1327 891 1361 Be-

132 1374 283 1422 rengarii
320 1376 346 1410 Ι.
377 1374 580 1422 Privilegiis
609 1374 764 1410 Indiffio
799 1389 894 1412 nova

134 1424 328 1473 Septembri
379 1424 493 1460 mense
539 1423 645 1461 fluere
693 1425 925 1474 inceperit‚=

131 1474 208 1511 heic
236 1475 352 1524 potius
381 1475 443 1510 illa
472 1474 649 1512 referenda
676 1476 721 1512 est
748 1477 789 1512 ad
816 1481 892 1512 ,Αιι-

133 1540 207 1560 num
242 1528 497 1561 DCCCCXVII.
525 1528 630 1573 quam
657 1527 700 1562 ad
728 1531 889 1562 DCCCC·

133 1578 254 1612 XVIII.
281 1576 374 1622 quod
411 1575 655 1612 restituendum
687 1577 891 1614 videbatur.

132 1626 256 1672 ltaque
283 1635 354 1659 aut·
378 1625 420 1659 ad
455 1625 695 1662 imitationem
733 1638 890 1676 autogra-
938 1620 969 1652 D

133 1674 195 1722 phi
224 1674 297 1710 sero
333 1673 544 1720 descriptum
579 1675 685 1710 fuerit
723 1678 892 1723 Diploma

133 1725 200 1759 hoc
221 1751 232 1768 ‚
270 1724 325 1760 sed
361 1737 432 1760 non
468 1723 550 1759 satis
586 1725 672 1759 bene
708 1726 894 1772 peri‘oeffls

134 1774 242 1811 Notis
258 1774 460 1821 archetypi,
478 1784 516 1808 ut
531 1773 569 1808 in
585 1772 713 1810 Disert.
727 1777 892 1811 XXXIV.

133 1826 171 1859 de
197 1825 372 1871 Diplomat.
411 1824 582 1867 monebo,
619 1834 678 1859 aut
714 1826 755 1860 de
791 1825 892 1874 ipsuis

133 1874 323 1922 Privilegii
358 1874 521 1921 legitima
556 1874 694 1923 origine
732 1876 892 1912 dubitan-

133 1925 216 1961 dum
253 1924 320 1961 est.
358 1927 413 1960 Ex
455 1926 528 1973 ejus
564 1934 681 1961 tamen
725 1937 893 1964 contextu

135 1976 227 2012 nihil
254 1975 384 2011 fraudis
409 1976 613 2024 colligitur,
634 1977 668 2011 &
689 1989 892 2013 monumen-

135 2035 211 2062 tum
239 2026 452 2074 antiquitate
481 2027 628 2062 minime
656 2036 771 2063 caret.
801 2031 893 2065 Inte·

134 2091 191 2113 rea
217 2077 296 2112 heic
322 2077 355 2112 se
381 2077 483 2113 nobis
520 2077 652 2112 obtulit
687 2079 893 2125 Sculdasch,

136 2140 192 2174 que
218 2128 374 2162 Fluvium
399 2129 540 2171 dicitur,
582 2127 644 2163 fita
670 2129 707 2163 in
735 2130 894 2165 comitatu

138 2177 317 2217 Veronensi..
354 2179 467 2214 Situm
504 2178 575 2215 loci
612 2179 757 2215 eruditis
784 2183 892 2216 Vero-

137 2227 293 2264 nenfibus
321 2228 565 2277 desrgnandum
591 2230 777 2277 relinquo.
803 2233 893 2266 Scul-

136 2280 272 2321 dasciam
297 2292 435 2327 quoque
461 2281 596 2315 Bellum·
622 2280 766 2317 exhibet
792 2282 894 2318 nobis

137 2331 285 2365 alterum
312 2331 511 2379 Berengarii
540 2333 710 2379 Diploma
733 2333 823 2379 apud
844 2336 894 2368 U·
920 2309 924 2373 Ι

137 2380 309 2430 ghellium
335 2382 453 2416 Tomo
481 2385 526 2419 V.
555 2383 680 2418 Italiae
707 2386 826 2419 Sacrae
856 2384 894 2419 in

137 2431 300 2479 Catalog.
336 2431 586 2480 Episcoporum
614 2433 893 2471 Bellunenfium.

138 2482 201 2519 Sed
227 2481 310 2518 satis
341 2482 383 2518 de
419 2484 644 2521 Sculdasciis.
681 2485 750 2522 Sub
785 2485 831 2522 iis
857 2499 893 2522 o·

216 2594 234 2610 ’¹'
256 2594 374 2627 Tertius
380 2617 390 2628 .

923 265 957 298 A

936 715 962 748 Β

936 2073 963 2106 Ε

469 212 476 219 “
536 203 982 247 DISSERTATIO
1044 203 1340 249 DECIMA.-
1619 228 1695 254 η,

993 262 1058 297 lim
1088 261 1182 298 fuere
1211 266 1332 297 Decam'
1353 273 1458 313 atque
1481 268 1645 303 §altariis
1664 271 1758 318 quod

994 326 1035 349 ex
1064 315 1159 361 Lege
1188 315 1267 347 XV.
1295 313 1377 348 Lib.
1399 318 1444 350 V.
1465 320 1677 368 Liutprandi
1702 322 1758 356 in-

997 363 1213 411 telligimus.
1251 363 1307 398 Ibi
1333 363 1417 399 haec
1456 365 1671 407 statuuntur.
1708 375 1758 407 De

995 417 1093 448 Servo
1114 414 1227 461 fugace
1255 414 1297 447 ἔθ’
1323 415 1450 449 advena
1486 417 1626 464 homine,
1656 422 1688 463 fi
1721 425 1757 458 in

996 465 1063 500 alia
1080 465 1271 509 Judiciaria
1291 464 1441 499 inventus
1454 466 1555 509 suerit
1568 495 1577 510 ‚
1602 481 1673 506 tunc
1693 476 1759 507 De.

969 543 970 547 ,
997 529 1114 559 canus,
1141 527 1198 549 aut
1223 516 1386 550 saltarius
1402 543 1411 559 ‚
1449 516 1503 562 qni
1531 517 1564 550 in
1590 519 1650 553 loco
1677 525 1760 558 ordi-

999 577 1091 599 natus
1111 566 1233 610 suerit,
1261 567 1508 613 comprehendere
1536 582 1603 602 eum
1630 573 1759 616 debeat,

1000 617 1042 649 (9¹
1077 618 1120 651 ad
1149 617 1346 658 Sculdastum
1376 617 1471 661 suum
1503 620 1678 664 perducat.
1717 625 1762 656 Et

999 666 1062 713 ipfi‘
1087 666 1266 708 Sculdafius
1276 668 1393 711 Judici
1407 668 1465 712 suo
1487 668 1662 715 consignet.
1691 672 1762 707 Hic

999 730 1080 765 ergo
1109 716 1303 753 Praefidum
1331 718 1417 753 ordo
1446 718 1533 754 fuit.
1564 720 1683 756 Primo
1695 725 1764 766 Ja-

998 770 1058 801 dex
1070 795 1079 811 ‚
1096 768 1163 803 hoc
1179 768 1224 804 est
1245 768 1402 805 Civitati
1425 769 1621 807 Praefe‘stus
1634 799 1643 814 ‚
1661 786 1765 819 quent

1002 818 1112 866 postea
1130 818 1254 854 Franci
1271 821 1444 867 appellare
1459 821 1610 856 Comitem
1631 822 1668 858 in
1690 836 1765 858 mo-

1002 881 1036 903 re
1064 868 1279 905 habuerunt.
1308 870 1444 906 Deinde
1470 872 1646 917 Sculdascii
1669 886 1767 921 prae·

1001 917 1085 954 fegti
1113 919 1272 955 castellis
1304 919 1359 956 seu
1398 921 1499 969 Pagis
1536 923 1766 960 Comitatus.

1003 971 1098 1004 Tum
1135 971 1258 1005 Decani
1284 970 1318 1005 &
1354 972 1492 1006 saltarii
1529 972 1588 1008 sub
1626 975 1767 1010 Sculda.

1003 1019 1109 1055 sciis.
1151 1021 1331 1069 Subjungo
1367 1023 1512 1058 alteram
1551 1023 1766 1072 Liutprandi

1005 1073 1136 1119 Legem
1150 1099 1159 1114 ,
1175 1071 1388 1119 trigesimam
1411 1072 1546 1108 scilicet
1566 1074 1666 1110 Libri
1685 1078 1769 1110 Sex-

1004 1121 1056 1165 ti,
1093 1121 1153 1156 ubi
1190 1121 1273 1155 haec
1310 1122 1435 1156 verba:
1465 1124 1504 1156 Si
1539 1128 1610 1170 quis
1635 1128 1768 1170 judex,

1004 1182 1062 1205 aut
1087 1171 1235 1205 Sculdais
1251 1197 1261 1214 ,
1288 1181 1345 1205 aut
1370 1173 1533 1206 Saltarius
1549 1201 1562 1217 ‚
1586 1175 1642 1207 vel
1668 1177 1771 1209 Dece.

1007 1234 1086 1264 nus,
1113 1222 1152 1255 de
1178 1222 1260 1265 low,
1298 1221 1352 1255 ubi
1377 1223 1514 1257 ,Ανίοίαε
1535 1224 1678 1268 suerint,
1717 1239 1770 1259 ne.

1003 1271 1140 1317 glexerit
1166 1273 1274 1306 amodo
1301 1272 1388 1307 intra
1414 1283 1476 1307 tres
1501 1275 1619 1319 menses
1643 1288 1689 1309 eos
1721 1276 1771 1309 in-

1007 1322 1126 1367 quirere
1153 1323 1196 1356 (9⁴
1223 1322 1398 1367 invenire-‚·
1425 1336 1584 1371 componat
1621 1326 1772 1372 unusqui-

1002 1373 1079 1418 sque
1104 1374 1143 1406 de
1169 1374 1230 1407 loco
1249 1372 1308 1416 suo
1334 1374 1531 1409 medietatem
1565 1377 1664 1421 pretii
1694 1377 1771 1420 sm'.

1010 1423 1106 1468 Quid
1134 1437 1216 1471 ergo
1245 1422 1313 1458 fuit
1341 1425 1448 1460 altera
1476 1425 1560 1461 haec
1587 1426 1771 1475 Magistra.

1010 1483 1109 1508 tuum
1137 1472 1293 1522 species?
1321 1474 1381 1509 Ad
1407 1476 1565 1510 Saltarios
1600 1478 1693 1524 quod
1721 1486 1773 1513 at-

1011 1524 1122 1568 tinet,
1150 1537 1270 1561 eorum
1298 1537 1427 1561 nomen
1453 1525 1613 1563 officium
1633 1541 1774 1576 quoque

1010 1574 1183 1624 designare
1210 1575 1370 1611 videtur.
1394 1578 1532 1625 Nempe
1553 1579 1711 1614 Saltuum
1733 1578 1775 1613 fi-

1011 1638 1054 1661 ve
1093 1626 1268 1662 Silvarum
1310 1639 1350 1661 ac
1390 1640 1573 1664 nemorum
1620 1628 1772 1665 custodes

1011 1676 1127 1723 primo
1153 1676 1271 1725 fuere;
1299 1684 1376 1713 tum
1404 1692 1523 1714 eorum
1553 1693 1632 1715 cura
1653 1680 1694 1716 ad
1716 1693 1775 1716 cu-

1012 1726 1163 1762 stodiam·
1183 1727 1308 1763 finium
1337 1727 1471 1767 Villae,
1492 1738 1552 1767 aut
1581 1730 1665 1778 Pagi
1694 1744 1774 1775 pro-

1013 1785 1136 1822 pagata
1159 1776 1224 1811 est.
1253 1779 1292 1811 In
1313 1776 1494 1816 Chronico
1516 1779 1772 1816 fontanellensi

1013 1826 1098 1871 Cap.
1136 1826 1163 1859 Ῑ.
1204 1836 1418 1864 memoratur
1458 1824 1625 1875 Teugiilus
1665 1829 1773 1872 Custos

1005 1875 1169 1919 saltuum,
1196 1877 1443 1925 Villarumque
1472 1879 1656 1927 Regalium
1673 1905 1682 1915 .
1719 1882 1774 1916 Ita

1014 1924 1184 1972 Maffarios
1210 1926 1388 1964 Villarum
1417 1928 1675 1965 inMurinenfi
1692 1932 1719 1975 ‚²
1739 1944 1775 1966 a·

1001 1977 1137 2025 diisque
1165 1978 1429 2023 eomitatibus,
1455 1979 1661 2016 constitutos
1680 1993 1772 2016 nunc

1012 2028 1197 2064 videmus.
1234 2029 1341 2076 Apud
1379 2030 1609 2066 Ferrarienses
1646 2041 1772 2076 erant,

1011 2079 1202 2115 &Yadhue
1229 2078 1332 2124 sunt,
1371 2079 1415 2117 inl
1445 2080 1506 2118 usu
1541 2082 1775 2126 Cavarzetlarii

1012 2130 1169 2166 Villarum
1196 2137 1337 2176 praeter,
1355 2131 1559 2170 Maffarios:
1583 2145 1774 2179 eorumque

1011 2181 1123 2215 multa
1164 2179 1211 2215 est
1243 2180 1453 2217 mentio'in
1489 2182 1637 2217 Statutis
1666 2182 1771 2225 >illius

1011 2229 1184 2266 Civitatis
1212 2231 1398 2279 prae-cipue
1431 2232 1619 2278 antiquis„
1645 2231 1781 2275 Rubria,

1011 2294 1088 2316 cam
1115 2280 1253 2329 profero
1281 2284 1298 2316 ἕ
1323 2281 1434 2317 Libro
1455 2283 1500 2316 11.
1522 2281 1652 2318 Statuti
1673 2281 1774 2318 MSti

1011 2334 1119 2368 Anno
1155 2333 1401 2368 MCCLXIV.
1439 2331 1643 2368 concinnati
1656 2344 1678 2371 ε,
1693 2335 1771 2367 Sta-

1011 2384 1128 2417 mimus
1161 2384 1243 2429 quad
1282 2381 1435 2428 Maffam'i
1463 2382 1663 2421 4ςοηινκιέίιιηι
1684 2410 1696 2424 ,
1735 2383 1771 2418 &

977 2426 983 2474 ξ
1011 2433 1244 2477 Εἀ-υανςείἶαηὶ
1273 2434 1429 2469 Villarum
1455 2440 1632 2468 teneantur?
1647 2433 1692 2467 (Ψ
1716 2434 1772 2467 de-

1013 2486 1107 2520 beant
1131 2485 1260 2532 recipere
1285 2485 1318 2520 in
1345 2497 1457 2524 eorum¹
1472 2484 1636 2527 custodiam
1662 2485 1769 2527 c'uma'¹

1639 2547 1720 2581 quae
