2185 3027
325 222 475 311 fingi-123
478 264 689 312 suprascripta
716 276 786 300 rata
813 266 856 299 (9‘
878 277 974 313 grata
994 266 1086 300 habe-

333 328 364 348 re
380 343 389 358 ,
418 316 460 348 (9⁴
486 328 594 351 contra
619 329 655 351 ea
682 329 740 350 non
767 318 875 350 venire
900 328 1087 364 quacumque

332 365 502 408 occasione,
530 367 584 401 vel
609 366 723 410 causa.

382 417 508 451 afflum
535 421 636 452 Reate
663 418 695 451 in
722 417 863 451 domibus
886 417 952 451 ἕλ’.
975 423 1015 450 ut
1036 414 1087 450 su-

330 480 416 516 pra:
457 467 670 514 praesentibus
711 468 866 514 Magistro
895 470 925 510 J
928 468 1015 500 acobo
1049 466 1087 499 de

330 522 450 553 Parma
475 518 592 552 Clerico
619 521 766 552 Camerae
781 545 791 560 ,
827 519 941 550 Fratre
958 516 1087 560 Johan·

332 583 370 603 ne
397 568 541 603 Macario
578 568 765 612 Marescalco
792 567 966 611 familiae,
1004 569 1084 600 Bar·

332 620 497 653 tholomaeo
517 619 633 662 Jacobi
659 618 821 661 Romani,
842 618 992 661 Johanne
1019 620 1082 650 Ba·

324 669 399 711 filis
425 671 462 704 de
491 672 595 712 Urbe,
616 668 829 713 servientibus
866 667 997 702 Domini
1023 670 1085 701 Pa-

327 730 409 767 pae,
429 720 579 764 johanne
604 719 686 753 diHo
721 720 758 752 de
792 721 915 764 spata,
952 718 1087 753 Domino

330 770 466 805 Henrico
494 770 628 805 Domini
647 769 825 814 Raynerii,
848 768 982 802 Domino
1002 771 1084 803 Pau-

331 822 362 855 lo
387 820 504 865 Jacobi
529 818 755 864 Makaragni,
792 819 928 852 Domino
955 819 1087 853 Henrico

326 870 459 908 Domini
485 870 604 912 Pauli,
624 868 759 903 Civibus
785 869 1087 912 Interamnensibus,

328 923 374 955 (θ’
399 920 610 966 Christophoro
645 919 810 954 BenediHi
834 921 873 954 de
898 920 990 954 Senis
1005 947 1015 965 ,
1043 930 1084 954 te-

322 971 427 1014 stibus
452 971 496 1004 ad
519 970 591 1004 haec
617 969 734 1016 rogatis
750 996 759 1005 .

381 1023 461 1056 Item
486 1023 587 1055 Anno
604 1047 614 1064 ,
642 1020 818 1055 Indic'iione
834 1048 844 1064 ,
872 1021 1086 1066 Pontificatu,

329 1071 374 1106 (9‘
399 1072 460 1105 loco
483 1071 676 1117 praediHis,
697 1071 878 1118 supradIHi
896 1072 1006 1114 mensis
1020 1076 1084 1117 su-

328 1118 370 1154 lii
395 1121 448 1154 die
475 1123 566 1155 XIII.
595 1122 753 1164 intrante,
780 1123 813 1156 in
830 1124 1009 1170 praesentia
1028 1123 1088 1156 mei

328 1170 461 1206 ,Notarii
497 1171 540 1202 (Ὺ
575 1170 696 1211 testium
728 1170 991 1217 subscriptorum,
1027 1177 1086 1207 Pe-

329 1230 398 1254 trus
426 1219 583 1253 Martucii
609 1220 740 1254 Domini
766 1221 902 1254 Simonis
932 1224 1087 1268 quondam

331 1274 371 1306 de
407 1270 567 1304 Miranda
587 1296 597 1313 ,
640 1269 791 1304 curatoria
832 1271 952 1305 nomine
993 1272 1087 1318 ipsius

331 1320 491 1356 Martucii
512 1319 618 1367 patris
636 1320 711 1364 Jui,
739 1319 794 1367 qui
819 1334 879 1355 non
906 1321 948 1364 est
973 1332 1088 1369 compos

325 1372 402 1418 sui,
429 1384 482 1405 nec
508 1383 568 1404 non
595 1370 638 1404 (Ὺ
658 1370 715 1414 suo
738 1371 862 1416 proprio
878 1397 887 1414 ,
924 1385 959 1406 ac
980 1384 1087 1418 procu-

332 1421 447 1456 ratorio
473 1420 594 1454 nomine
619 1419 787 1453 simoneni
807 1420 922 1462 fratris
941 1422 1017 1464 sui,
1054 1433 1089 1455 ut

331 1472 403 1506 haec
428 1479 581 1517 apparent
604 1479 660 1515 per
683 1468 810 1514 publica
835 1469 1044 1510 Instrumenta
1069 1484 1090 1503 a

333 1535 379 1556 nze
405 1520 538 1556 Notario
560 1518 731 1565 subscripto
756 1517 829 1562 visa
855 1519 1028 1564 diligenter
1047 1517 1090 1551 δ”

331 1571 433 1616 Ιεὲῗα,
461 1571 504 1604 (9⁴
520 1571 662 1615 Jacobus
679 1572 783 1615 frater
807 1568 887 1602 diHi
912 1568 1023 1613 Petri,
1044 1565 1087 1612 fi-

332 1624 396 1657 lius
420 1620 559 1668 praefati
584 1619 773 1661 Martucii;
808 1618 965 1661 constituti
991 1631 1090 1653 coram
1126 1623 1158 1655 D

333 1671 510 1708 venerabili
535 1670 607 1704 viro
630 1668 788 1715 Magistro
806 1669 938 1704 Nicolao
956 1670 995 1704 de
1014 1673 1087 1703 Tre.

333 1724 382 1760 his
409 1721 541 1758 Domini
566 1723 674 1767 Papae
693 1719 893 1763 Camerario,
914 1719 976 1764 sua
996 1720 1088 1766 spon·

333 1784 428 1809 tanea
454 1773 619 1806 voluntate
635 1797 645 1814 ,
672 1783 732 1803 non
760 1769 856 1804 coafli
875 1783 927 1804 nec
945 1771 1015 1804 dolo
1035 1770 1083 1804 in-

332 1823 441 1867 duffii,
469 1821 602 1868 quilibet
628 1833 729 1854 eorum
749 1819 918 1865 insolidum
946 1834 1086 1867 recogno-

327 1875 444 1921 scentes
470 1873 565 1907 libere
584 1871 627 1905 (Ὺ
645 1869 774 1917 expreffi‘
789 1897 799 1915 ‚
819 1872 899 1917 quod
915 1872 1088 1918 progenito.

332 1937 380 1960 res
398 1936 498 1958 eorum
518 1923 584 1957 &aa
614 1930 652 1957 ut
671 1921 770 1970 supra
790 1920 948 1969 usquein
964 1921 1069 1958 finem
1081 1948 1090 1957 .

382 1975 505 2010 Acium
531 1978 634 2008 Reate
660 1972 728 2007 (9⁶0.
766 1980 805 2007 ut
840 1971 965 2021 supra,
998 1984 1088 2020 prae-

326 2027 470 2073 sentibus
495 2023 675 2059 venerabile
704 2025 801 2057 Patre
835 2024 973 2058 Andrea
1007 2022 1089 2069 Epi.

327 2078 436 2124 scopo,
464 2074 610 2111 Dominis
637 2076 776 2108 Ventura
799 2072 977 2119 Raynerii,
1005 2076 1087 2108 Bar-

333 2128 501 2164 tholomaeo
527 2126 695 2172 Bontempi
721 2123 888 2159 Canonicis
913 2124 1086 2170 Reatinis,

687 205 1095 264 ANTIQUJT.
1145 205 1379 249 MEDII
1427 208 1607 251 AEVI

1810 222 1899 268 444·

1129 265 1157 298 Α
1204 266 1336 300 Domino
1362 271 1564 312 Raynuccino
1599 269 1637 302 de
1672 271 1785 302 Murro
1811 271 1962 317 Capella-¹

1203 328 1265 359 no,
1284 318 1435 362 johanne
1470 319 1615 353 Macario
1649 319 1839 362 M.zrescalco
1860 321 1961 364 fami-

1169 370 1171 374 “
1201 365 1264 400 liae
1291 369 1422 402 Domini
1457 372 1586 415 Papae,
1625 370 1667 403 (J
1693 371 1827 403 Domino
1863 374 1960 405 Lam.

1201 416 1320 450 bertino
1347 419 1502 453 Canonico
1528 419 1741 463 Bononiensi,
1769 420 1896 462 testibus
1916 421 1961 455 ad

1201 465 1273 500 haec
1300 469 1416 514 rogatis
1432 496 1441 504 .

1253 518 1301 550 Et
1334 532 1386 565 ego
1422 520 1567 562 Jacobus
1606 519 1721 556 Pisani
1759 521 1801 556 de
1838 523 1959 557 vitet-a

1203 566 1284 610 bio,
1312 568 1515 615 Apostolica
1543 570 1773 615 mustum-ate,
1801 572 1844 605 (9⁴
1876 585 1959 606 nunc

1201 621 1349 653 Camerae
1370 620 1501 653 Domini
1519 624 1626 666 Papae
1650 621 1840 664 Notarius,
1866 632 1958 667 prae-

1203 668 1298 712 miffis
1334 669 1465 711 interfui
1481 696 1492 711 ‚
1534 671 1577 702 (9‘
1613 683 1649 703 ea
1686 681 1810 716 rogatus
1844 670 1961 714 ſsribe-

1171 721 1172 724 ’
1202 730 1258 760 re,
1293 717 1439 761 fideliter
1473 719 1583 764 scripsi
1603 745 1613 762 ‚
1651 721 1693 752 (J
1728 720 1762 753 in
1798 720 1960 766 publicam

1197 767 1332 811 formam
1359 769 1490 814 redegi,
1519 782 1639 816 meoque
1657 768 1751 815 signo
1771 769 1935 816 signavi.

1256 819 1378 866 Neque
1415 820 1553 854 tantum
1591 822 1744 864 Romae,
1782 828 1886 867 atque
1920 819 1960 856 in

1203 867 1339 904 ditione
1376 868 1532 905 Ponficia
1569 869 1739 918 ejusmodi
1776 870 1960 906 Tabellio-

1203 932 1261 954 nes
1297 919 1482 955 aufioritate
1508 921 1690 967 ..Apostolica
1727 921 1860 964 creati,
1898 920 1959 957 suo

1202 982 1344 1005 munere
1380 969 1493 1006 funE'ti
1530 970 1631 1015 sunt,
1667 970 1722 1006 sed
1760 971 1889 1019 ubique
1925 984 1961 1006 e-

1202 1020 1289 1055 tiam
1314 1020 1352 1056 in
1373 1021 1653 1057 Christianorum
1673 1021 1959 1056 occidentalium

1203 1070 1358 1119 Regnis,
1396 1072 1491 1106 etiam
1528 1072 1561 1106 in
1597 1072 1759 1116 Francia,
1795 1072 1849 1106 vel
1882 1075 1961 1106 An-

1169 1152 1171 1159 ,
1196 1122 1294 1166 glia,
1315 1122 1372 1167 seu
1399 1122 1583 1168 Hispania,
1620 1122 1849 1156 Instrumenta
1876 1134 1960 1155 con·

1201 1170 1393 1217 ficiebam,
1431 1180 1468 1206 ut
1496 1170 1599 1206 fidem
1629 1170 1714 1205 facit
1742 1170 1958 1206 Guilielmus

1202 1222 1391 1265 Durantis,
1412 1222 1614 1265 Speculator
1634 1221 1849 1268 appellatus,
1878 1220 1956 1256 Tit.

1198 1274 1236 1304 cie
1255 1271 1325 1315 fide
1354 1272 1656 1313 Instrumentorum:
1692 1271 1789 1318 cujus
1825 1270 1956 1306 verita.

1198 1321 1244 1356 tis
1280 1323 1440 1369 exempla
1477 1322 1589 1357 multa
1625 1321 1822 1370 supersunt.
1859 1323 1958 1356 Con-

1197 1381 1250 1406 tra
1279 1371 1422 1408 Notarii
1452 1372 1470 1406 ὲ
1501 1372 1678 1420 Regibus,
1707 1381 1810 1419 atque
1842 1373 1956 1420 Impe-

1197 1422 1370 1457 ratoribus
1406 1422 1612 1465 constituti,
1649 1422 1672 1457 si
1701 1421 1868 1457 Venetias
1895 1435 1956 1457 ex-

1198 1470 1335 1515 cipias,
1370 1473 1404 1505 &
1433 1485 1492 1518 per
1518 1472 1657 1519 aliquot
1693 1481 1850 1519 tempora
1889 1474 1957 1507 Re-

1198 1529 1306 1564 gnum
1347 1520 1524 1562 Apuliae,
1565 1530 1668 1566 atque
1711 1522 1879 1564 Siciliae,
1915 1521 1955 1557 in

1196 1565 1343 1614 reliquis
1371 1566 1495 1602 Italiae
1532 1567 1648 1609 locis,
1685 1577 1789 1615 atque
1816 1570 1854 1604 in
1882 1570 1954 1617 ipsa

1200 1617 1314 1660 Urbe,
1344 1629 1381 1652 ac
1409 1616 1546 1653 ditione
1575 1617 1786 1662 Pontificia,
1817 1619 1954 1656 tabulas

1197 1666 1440 1703 contraE‘cuum
1469 1667 1752 1705 conscribebant.
1780 1668 1811 1705 Ii
1836 1671 1954 1718 appel-

1195 1717 1260 1753 lati
1287 1718 1378 1753 sacri
1405 1719 1554 1763 Palatii,
1595 1718 1664 1755 five
1699 1719 1790 1754 Sacri
1823 1721 1952 1767 Imperii

1195 1769 1345 1812 Notaui,
1374 1777 1434 1804 aut
1470 1769 1600 1804 Notarii
1625 1770 1757 1804 Domini
1783 1772 1952 1818 Imperato-

1195 1820 1259 1862 ris,
1295 1819 1426 1855 Notarii
1459 1820 1628 1862 Palatini,
1664 1820 1799 1865 Regalis
1834 1820 1949 1854 Curiae

1193 1870 1323 1904 Notarii
1347 1895 1358 1913 ,
1413 1869 1590 1915 Iinperialis
1643 1870 1754 1903 ⁸A'ulae
1806 1870 1948 1905 Scrinia-

1193 1920 1260 1963 rii,
1298 1919 1365 1954 &st
1405 1918 1552 1954 Chartas
1594 1918 1635 1953 ab
1676 1917 1754 1963 ipfis
1797 1919 1948 1956 conscri-

1194 1979 1268 2018 ptas
1292 1997 1302 2012 ,
1347 1969 1548 2005 decurrente
1595 1970 1718 2004 Seculo
1769 1971 1865 2004 xm.
1907 1970 1946 2005 in

1198 2018 1396 2056 pontificiis
1434 2020 1585 2055 Urbibus
1612 2032 1654 2054 en
1692 2019 1758 2054 tibi
1795 2019 1945 2056 exhibeo

1194 2073 1212 2107 ὲ
1253 2070 1360 2107 toties
1401 2078 1592 2105 memorato
1634 2069 1776 2120 Regesto
1817 2070 1944 2107 Cencii

1161 2148 1168 2168 .
1193 2120 1388 2160 Camerarii
1413 2119 1583 2157 desumtas
1599 2146 1608 2157 .

1766 2574 1893 2621 Inlita}
