2185 3027
404 205 486 255 623
693 198 1095 257 ANTIQUJT.

1156 198 1392 242 MEDJJ
1443 198 1621 243 ΛΕΜ
1816 208 1903 259 624·

345 257 543 304 exemplavi,
579 258 692 304 omiffis
711 259 815 307 signis
841 260 969 296 Notarii
984 287 995 304 ,
1022 271 1099 306 quae
1122 260 1186 295 ’A'
1208 258 1350 294 Servilis
1373 261 1471 306 plane
1487 258 1702 295 conditionis
1722 259 1864 308 prodere
1886 261 1965 309 pof-v

340 307 442 351 facere
469 322 528 343 non
554 310 684 345 curavi.

398 358 511 394 Viden
542 369 580 394 ut
612 359 669 395 hic
699 363 818 396 Petrus
845 362 930 395 bomo
955 361 994 394 de
1023 361 1100 392 Ma-

346 409 458 443 xinata
493 409 700 447 fidelitatem
743 412 833 459 jurat
868 407 1099 451 Marchioni,

338 459 422 500 ficut
449 465 568 495 Servus
595 461 761 496 Domino?
802 464 976 496 Praeterea
1006 457 1098 493 idem

344 510 509 546 Niarchio
527 540 536 554 ,
575 511 686 559 quoad
717 511 871 550 vixerit,
908 508 969 543 fibi
998 508 1099 544 reser-

346 570 467 596 vatum
491 563 567 597 vult
585 575 700 596 merum
718 561 765 600 do*
781 562 907 606 plenum
926 560 1099 592 dominium

342 610 426 645 dicti
446 611 501 656 sui
526 613 696 654 Hominis,
734 611 780 644 ita
807 610 888 656 quod
924 609 985 655 ipse
1010 609 1099 654 poffit

340 661 441 704 facere
466 661 513 700 (θ’
540 663 696 707 disponere
723 663 760 693 de
788 659 875 694 dic7o
905 659 961 703 suo
990 659 1096 693 Homi-

344 725 382 745 ne
408 712 451 746 acl
471 712 548 756 suae
574 710 798 756 beneplacitum
825 710 1022 743 voluntatis.
1053 710 1097 744 ll·

342 761 377 796 le
404 761 554 808 denique
589 759 747 796 universa
774 760 996 796 obedientiae
1025 773 1093 795 mu·

342 824 424 847 nera
453 812 663 859 pollicetur,
697 823 784 857 quae
811 810 1037 846 continentur
1066 811 1097 844 in

341 861 484 896 omnibus
510 860 555 898 ὡ*
576 860 715 906 singulis
749 861 896 908 capitulis
920 860 1098 905 fidelitatis

340 912 388 953 όν
407 910 598 956 servitutis.
634 910 772 947 CunRa
801 911 884 947 haec
913 911 1094 947 hominem

1207 307 1281 343 sent
1297 336 1307 352 ‚
1333 308 1354 343 fi
1383 309 1451 345 sola
1477 310 1709 358 speS'tarentur
1733 310 1799 345 fine
1826 324 1962 359 praece.

1207 358 1366 395 dentibus
1394 361 1535 397 notitiis
1552 387 1559 396 .
1600 360 1704 396 Hisce
1738 360 1822 395 adde
1850 360 1961 397 Char.

1206 419 1277 445 tarn
1306 412 1448 447 alteram
1468 440 1477 455 ‚
1515 425 1617 460 quam
1646 411 1733 446 olim
1766 410 1853 446 mihi
1885 410 1962 459 sup.

1206 461 1377 508 peditavit
1414 464 1542 498 Comes
1580 461 1780 497 Franciscus
1816 462 1963 496 Torrel-

1204 511 1293 555 lius,
1323 512 1377 547 vir
1404 513 1547 560 antiqu&
1572 512 1760 548 nobilitate
1786 509 1962 559 speffiatis-

1204 560 1323 596 fimus.
1352 563 1404 597 Ibi
1432 563 1502 610 post
1528 563 1694 598 decessum
1721 561 1817 598 suum
1843 560 1962 596 Testa-

1204 620 1260 645 τοι·
1278 612 1480 654 Τοίὰενιιυνι,
1505 613 1648 653 Foliam,
1670 613 1807 646 Weeiam
1827 611 1899 648 (isc.
1918 610 1962 643 li-

1204 662 1287 695 beros
1314 660 1359 698 ό*
1386 659 1502 694 liberas
1533 659 1668 695 statuit.
1707 662 1747 694 In
1777 669 1875 705 tergo
1903 672 1962 693 au-

1137 711 1164 746 B
1205 722 1275 746 tem
1297 708 1446 757 ejusdem
1469 710 1688 745 membranae
1709 709 1863 756 antiquis
1882 707 1962 743 cha-

1207 760 1395 796 rafi’oeribus
1425 758 1590 808 scripturn
1618 759 1688 795 est:
1725 759 1845 794 Charta
1874 760 1963 794 VIII.

1208 811 1391 855 Mansorum
1418 812 1456 844 de
1484 811 1664 854 Cadubrio,
1695 809 1863 856 suppositis
1889 809 1965 843 Ab·

1207 864 1273 896 bati
1301 863 1337 894 de
1366 861 1490 906 Rufio,
1526 860 1572 900 &⁶
1608 862 1756 907 exemptio
1792 859 1963 894 Hominum

1205 913 1244 946 de
1270 912 1458 957 Masnada.
1485 914 1539 947 En
1566 911 1676 960 ipsam
1704 910 1893 947 Chartam.

498 1035 799 1079 Testamentum
818 1035 1022 1091 Roberti,
1051 1037 1157 1091 cujus
1187 1036 1305 1078 frater
1334 1048 1417 1079 erat
1448 1040 1551 1079 Otto
1581 1035 1816 1079 Bellunenfis

881 1095 1111 1153 Episcopus,
1144 1099 1264 1137 Anno
1301 1101 1422 1151 1176.

343 1210 427 1301 IN
452 1210 571 1244 nomine
586 1211 739 1246 Domini.
759 1215 860 1246 Anno
874 1215 1098 1248 MCLXXVI.
1133 1208 1183 1260 C}
1209 1212 1345 1247 Domino
1366 1216 1500 1258 Roperto
1521 1212 1564 1245 Θ·
1583 1209 1717 1246 Domino
1737 1213 1868 1256 Pagano
1887 1208 1962 1243 ,Ab-¹

418 1259 593 1295 [nait-‘lione
619 1263 676 1295 IX.
704 1260 756 1294 die
783 1264 839 1296 XI.
870 1261 1008 1296 intrante
1036 1265 1097 1296 De-

344 1311 474 1346 cembri.
502 1312 538 1344 In
563 1311 719 1357 presentia
736 1311 866 1345 Domini
880 1312 1007 1358 Pagani
1026 1313 1098 1346 Ab·

344 1362 414 1396 bati
438 1364 476 1395 de
502 1362 600 1404 Busoo
618 1387 628 1402 ,
660 1360 792 1395 Domini
831 1361 909 1394 Obie
945 1362 1100 1406 Magistri

343 1413 382 1445 de
408 1410 574 1451 Manfione
601 1409 747 1455 Templi,
775 1407 955 1453 Presbyteri
982 1412 1094 1441 Rober-

345 1461 372 1494 ti
407 1460 481 1493 olim
522 1459 670 1505 Rapoti,
707 1457 885 1501 Presbyteri
926 1456 1100 1501 Ansuini,

344 1508 526 1554 Sinfronii,
555 1509 760 1551 Ramadini‚
790 1507 969 1542 Urtinchuci
1003 1517 1101 1541 eteam

342 1560 498 1607 presenti.
529 1562 566 1594 In
595 1559 717 1601 istorum
754 1559 796 1592 &¹
832 1559 964 1593 aliorum
998 1557 1097 1604 pluri-

345 1624 461 1646 morum
480 1610 638 1656 presentia
658 1609 813 1644 Dominus
834 1613 1012 1655 Ropertus‚
1032 1607 1096 1650 sta·

345 1672 410 1696 tum
436 1661 539 1694 anime
561 1660 616 1703 sue
639 1660 858 1706 precogitans,
886 1672 923 1692 ne
944 1659 1025 1702 sorte
1053 1658 1098 1691 in-

345 1711 474 1753 testatus
499 1711 674 1753 decederet,
709 1710 813 1743 dicens
834 1709 869 1753 se
904 1709 986 1742 velle
1022 1709 1101 1742 banc
1129 1731 1132 1740 .

343 1759 399 1808 offe
420 1761 510 1805 suam
537 1760 681 1794 ultimam
704 1760 920 1803 voluntatem,
941 1758 1098 1800 testamen-

344 1822 410 1846 tum
435 1822 490 1858 pro
527 1810 656 1843 remedio
692 1810 795 1845 anime
828 1810 885 1853 sue
919 1809 1022 1853 fecit.
1064 1812 1099 1843 In

341 1862 454 1909 primis
482 1861 585 1907 itaque
612 1859 754 1895 domum
791 1860 969 1908 Paganelli
999 1859 1100 1895 Rasfe

344 1913 385 1948 de
413 1910 616 1954 Codubrio,
645 1923 723 1946 cum
749 1910 845 1945 Viris
871 1923 909 1945 ac
937 1910 1097 1946 Mulieri·

345 1964 407 1999 bus
435 1962 471 1997 in
493 1961 667 2009 integrum
687 1988 697 2005 ,
719 1974 796 1996 cum
819 1970 895 1996 toto
916 1973 979 2003 eo,
1007 1961 1099 2007 quod

344 2013 447 2049 habet
472 2013 505 2047 &
535 2020 651 2055 tenet,
675 2010 833 2056 fratribus
854 2011 922 2055 suis
943 2011 1100 2046 Domino

344 2062 473 2099 Ottoni
502 2062 696 2097 Bellunenfi
737 2060 933 2110 Episcopo,
971 2061 1101 2095 Widoni

345 2113 391 2153 (f
419 2113 563 2147 Conrado
589 2115 632 2146 ad
656 2122 836 2158 perpetuum
872 2122 928 2158 pro
962 2112 1103 2145 ducentis

345 2163 455 2200 Libris
484 2161 702 2203 Veronensibus
729 2162 899 2204 vendidit,
928 2160 974 2199 &⁷
1000 2162 1100 2197 tradi.

344 2216 395 2250 dit
422 2212 467 2252 ιζ’]
495 2213 618 2260 legavit
631 2226 652 2254 ;
678 2213 720 2245 &²
748 2212 870 2257 insuper
896 2212 1017 2246 nomine
1055 2222 1099 2246 te-

340 2263 489 2308 stamenti
530 2263 685 2310 prefatam
728 2262 945 2309 proprietatem
989 2262 1099 2307 eisdem

342 2313 499 2360 fratribus
519 2314 588 2358 suis
615 2313 766 2359 reliquit,
802 2327 838 2347 ac
876 2327 942 2347 eam
979 2314 1099 2347 nomine

345 2364 548 2413 proprietario
587 2364 732 2410 poffidere
771 2362 970 2407 confirmavit
988 2390 998 2398 .
1038 2367 1099 2398 Pro

346 2415 458 2462 quibus
483 2414 623 2449 ducentis
650 2413 758 2448 Libris
776 2413 971 2459 supradiHis
1007 2424 1096 2460 prae-

343 2466 407 2510 fati
435 2465 529 2499 Wido
556 2465 601 2504 ἐφ’
624 2464 764 2498 Coradus
788 2464 1008 2510 obligaverunt
1033 2462 1098 2497 οέῖο

349 2514 478 2559 Μυίας
500 2525 556 2562 pro
578 2514 738 2560 presenti,
775 2514 896 2549 nomine
928 2513 1096 2561 piguerit,

1208 1263 1274 1296 bati
1301 1262 1432 1301 Ecclesie
1457 1260 1573 1296 Sane‘li
1597 1263 1728 1295 Andree
1766 1261 1804 1293 de
1840 1259 1961 1302 Busco,

1208 1312 1368 1359 recipienti
1402 1312 1523 1345 nomine
1563 1311 1698 1356 ejusdem
1734 1308 1891 1351 Ecclefie,
1928 1320 1961 1340 eo

1208 1362 1293 1394 modo
1328 1374 1386 1407 quo
1416 1362 1577 1408 suprafati
1608 1363 1702 1395 Wido
1739 1359 1785 1398 a&
1820 1359 1962 1393 Coradus

1206 1424 1225 1441 a
1256 1412 1393 1454 proximo
1425 1412 1500 1453 festo
1528 1411 1726 1446 Nati-vitatis
1760 1409 1890 1443 Domini
1925 1421 1962 1441 u-

1202 1455 1279 1499 sque
1305 1460 1347 1488 ad
1374 1460 1462 1490 aliud
1484 1461 1594 1499 festum
1624 1458 1823 1494 Nati-vitatis
1850 1458 1961 1492 Domi-

1209 1505 1244 1536 ni
1267 1515 1323 1550 per
1350 1505 1434 1537 illud
1465 1507 1602 1551 proxime
1627 1519 1824 1546 venturum;
1857 1509 1910 1540 vel
1931 1506 1963 1546 fi

1209 1557 1251 1588 ad
1278 1554 1442 1588 terminum
1462 1555 1518 1599 seu
1544 1556 1587 1589 ad
1613 1555 1779 1598 terminos,
1807 1566 1880 1600 quos
1907 1555 1965 1600 ipsi

1210 1604 1253 1637 eis
1288 1605 1433 1638 dederint
1447 1618 1462 1638 .·
1499 1606 1541 1639 (9⁶
1569 1605 1601 1646 fi
1630 1605 1783 1639 Dominus
1810 1607 1966 1650 Ropertus

1209 1652 1360 1701 deceffetit
1387 1657 1429 1689 ad
1455 1656 1618 1689 terminum
1645 1657 1698 1689 vel
1725 1657 1768 1690 ad
1793 1655 1964 1698 terminos,

1211 1719 1281 1752 quos
1311 1705 1463 1739 Dominus
1497 1708 1612 1741 Abbas
1637 1706 1691 1739 vel
1727 1706 1793 1752 ejus
1823 1703 1965 1750 successor

1211 1756 1254 1789 eis
1280 1756 1400 1789 dederit
1416 1784 1426 1800 ‚
1464 1757 1505 1790 &
1543 1756 1601 1803 ipsi
1627 1756 1722 1790 eidem
1749 1755 1875 1791 Abbati
1909 1755 1964 1789 vo}

1212 1805 1278 1851 ejus
1295 1804 1450 1851 successori
1475 1807 1649 1852 praefatam
1671 1806 1830 1852 pecuniam
1856 1804 1888 1838 in
1914 1806 1964 1838 in-

1208 1867 1327 1903 tegrum
1354 1870 1413 1889 non
1435 1857 1639 1903 persolverint
1665 1856 1691 1889 ii
1716 1856 1869 1888 Dominus
1887 1855 1961 1888 Ab·

1209 1909 1263 1941 bas
1289 1906 1343 1940 vel
1369 1905 1436 1951 ejus
1457 1905 1619 1951 successor,
1647 1904 1692 1943 (J
1719 1904 1871 1939 Dominus
1895 1908 1962 1938 Ro-

1209 1959 1310 1992 bertus
1321 1970 1339 1999 ,·
1375 1955 1420 1994 &
1450 1956 1482 1997 si
1511 1958 1661 1991 Dominus
1689 1959 1843 2001 Ropertus
1878 1955 1961 1988 dece-

1209 2007 1290 2042 derit
1307 2034 1317 2049 ,
1345 2011 1424 2053 quod
1453 2007 1604 2041 Dominus
1629 2006 1743 2041 Abbas
1770 2005 1883 2039 haheat
1906 2015 1961 2051 po-

1210 2057 1347 2100 testatem
1374 2057 1538 2104 obligandi
1560 2056 1714 2102 predift'os
1740 2054 1805 2088 ofto
1829 2055 1961 2099 Mausos

1208 2108 1336 2155 pignori
1356 2119 1414 2155 pro
1449 2107 1516 2141 illis
1544 2105 1683 2139 ducentis
1710 2104 1818 2139 Libris
1849 2105 1961 2151 supra-

1209 2157 1330 2202 aidis,
1366 2161 1456 2191 donec
1482 2155 1540 2202 ipsi
1576 2156 1607 2190 in
1642 2156 1796 2201 integrum
1822 2155 1961 2201 expedie-

1212 2209 1302 2243 rint.
1339 2211 1386 2242 Et
1414 2206 1651 2241 nominaverunt
1676 2206 1832 2252 praefatos
1860 2208 1961 2239 Man-

1205 2259 1274 2304 sos.
1301 2262 1459 2303 =Quattuor
1484 2270 1519 2289 ex
1546 2257 1610 2298 istis
1632 2256 1708 2300 sunt
1733 2256 1863 2290 Domini
1890 2255 1961 2289 Wi-

1212 2310 1326 2351 donis,
1361 2307 1415 2354 qui
1445 2306 1550 2351 jacent
1587 2307 1619 2340 in
1651 2306 1844 2353 Maglaria,
1880 2316 1960 2339 unus

1212 2371 1336 2405 quorum
1363 2357 1480 2404 regitur
1512 2368 1567 2403 per
1593 2356 1756 2398 Blasium‚
1792 2357 1874 2391 alter
1906 2366 1960 2402 per

1202 2409 1383 2453 Johannem
1399 2434 1407 2442 .
1446 2407 1596 2452 Mansum
1625 2409 1750 2456 tertium
1774 2418 1827 2453 per
1854 2406 1961 2440 Tisia-

1210 2471 1304 2499 num,
1331 2456 1376 2495 <sy
1403 2468 1544 2504 quartum
1573 2458 1647 2497 ille,
1676 2458 1730 2504 qui
1750 2457 1817 2501 fuit
1834 2457 1960 2501 Johan-

1210 2509 1260 2542 nis
1282 2510 1449 2543 Maronis.
1476 2508 1609 2555 Reliqui
1627 2512 1699 2543 ver)
1723 2517 1867 2555 quattuor
1884 2507 1960 2550 sum

1800 2556 1911 2592 Domi.
