<?xml version="1.0" encoding="UTF-8"?>
<!DOCTYPE html PUBLIC "-//W3C//DTD XHTML 1.0 Transitional//EN"
    "http://www.w3.org/TR/xhtml1/DTD/xhtml1-transitional.dtd">
<html xmlns="http://www.w3.org/1999/xhtml" xml:lang="en" lang="en">
 <head>
  <title>
</title>
<meta http-equiv="Content-Type" content="text/html;charset=utf-8" />
  <meta name='ocr-system' content='tesseract 3.04.00' />
  <meta name='ocr-capabilities' content='ocr_page ocr_carea ocr_par ocr_line ocrx_word'/>
</head>
<body>
  <div class='ocr_page' id='page_1' title='image "antiquitatesital02mura_0190.png"; bbox 0 0 2185 3027; ppageno 0'>
   <div class='ocr_carea' id='block_1_1' title="bbox 392 227 1216 521">
    <p class='ocr_par' dir='ltr' id='par_1_1' title="bbox 392 227 1216 521">
     <span class='ocr_line' id='line_1_1' title="bbox 442 227 1216 325; baseline -0.001 -20"><span class='ocrx_word' id='word_1_1' title='bbox 442 227 472 313; x_wconf 58' lang='grc' dir='ltr'><strong><em>ἒ</em></strong></span> <span class='ocrx_word' id='word_1_2' title='bbox 495 227 846 306; x_wconf 71' lang='lat' dir='ltr'>lviCCCXxxvm.</span> <span class='ocrx_word' id='word_1_3' title='bbox 877 270 989 318; x_wconf 85' lang='lat' dir='ltr'>pridie</span> <span class='ocrx_word' id='word_1_4' title='bbox 1028 272 1148 306; x_wconf 81' lang='lat' dir='ltr'>Nonas</span> <span class='ocrx_word' id='word_1_5' title='bbox 1173 270 1216 325; x_wconf 58' lang='lat' dir='ltr'>{A</span> 
     </span>
     <span class='ocr_line' id='line_1_2' title="bbox 393 320 1148 369; baseline -0.001 -13"><span class='ocrx_word' id='word_1_6' title='bbox 393 345 418 364; x_wconf 82' lang='lat'>„</span> <span class='ocrx_word' id='word_1_7' title='bbox 445 320 564 369; x_wconf 85' lang='lat' dir='ltr'>Maji,</span> <span class='ocrx_word' id='word_1_8' title='bbox 601 321 809 357; x_wconf 85' lang='lat' dir='ltr'>Bertrandus</span> <span class='ocrx_word' id='word_1_9' title='bbox 845 321 964 356; x_wconf 64' lang='lat' dir='ltr'>edif‘to</span> <span class='ocrx_word' id='word_1_10' title='bbox 1000 320 1117 356; x_wconf 84' lang='lat' dir='ltr'>statuit</span> <span class='ocrx_word' id='word_1_11' title='bbox 1139 348 1148 364; x_wconf 96' lang='lat'>,</span> 
     </span>
     <span class='ocr_line' id='line_1_3' title="bbox 393 371 1148 418; baseline -0.001 -12"><span class='ocrx_word' id='word_1_12' title='bbox 393 396 417 414; x_wconf 90' lang='lat'>‚‚</span> <span class='ocrx_word' id='word_1_13' title='bbox 445 381 484 406; x_wconf 87' lang='lat' dir='ltr'>ut</span> <span class='ocrx_word' id='word_1_14' title='bbox 510 385 614 407; x_wconf 87' lang='lat' dir='ltr'>onere</span> <span class='ocrx_word' id='word_1_15' title='bbox 642 384 700 418; x_wconf 90' lang='lat' dir='ltr'>per</span> <span class='ocrx_word' id='word_1_16' title='bbox 725 371 995 407; x_wconf 84' lang='lat' dir='ltr'>Ministerialem</span> <span class='ocrx_word' id='word_1_17' title='bbox 1034 371 1148 415; x_wconf 84' lang='lat' dir='ltr'>capita</span> 
     </span>
     <span class='ocr_line' id='line_1_4' title="bbox 392 421 1149 470; baseline -0.003 -12"><span class='ocrx_word' id='word_1_18' title='bbox 392 448 416 465; x_wconf 86' lang='lat'>,‚</span> <span class='ocrx_word' id='word_1_19' title='bbox 446 435 508 470; x_wconf 85' lang='lat' dir='ltr'>pro</span> <span class='ocrx_word' id='word_1_20' title='bbox 534 423 609 458; x_wconf 68' lang='lat' dir='ltr'>rata</span> <span class='ocrx_word' id='word_1_21' title='bbox 634 424 844 465; x_wconf 82' lang='lat' dir='ltr'>Terrarum,</span> <span class='ocrx_word' id='word_1_22' title='bbox 883 436 966 469; x_wconf 86' lang='lat' dir='ltr'>quas</span> <span class='ocrx_word' id='word_1_23' title='bbox 1002 421 1149 469; x_wconf 82' lang='lat' dir='ltr'>quisque</span> 
     </span>
     <span class='ocr_line' id='line_1_5' title="bbox 446 471 1148 521; baseline -0.004 -13"><span class='ocrx_word' id='word_1_24' title='bbox 446 472 649 521; x_wconf 78' lang='lat' dir='ltr'>possideret,</span> <span class='ocrx_word' id='word_1_25' title='bbox 681 473 911 520; x_wconf 70' lang='lat' dir='ltr'>aequabiliter</span> <span class='ocrx_word' id='word_1_26' title='bbox 937 471 1121 520; x_wconf 86' lang='lat' dir='ltr'>dispertito</span> <span class='ocrx_word' id='word_1_27' title='bbox 1138 500 1148 516; x_wconf 89' lang='lat'>,</span> 
     </span>
    </p>
   </div>
   <div class='ocr_carea' id='block_1_2' title="bbox 1228 272 1232 470">
    <p class='ocr_par' dir='ltr' id='par_1_2' title="bbox 1228 272 1232 470">
     <span class='ocr_line' id='line_1_6' title="bbox 1228 272 1232 470; baseline 0 2557"><span class='ocrx_word' id='word_1_28' title='bbox 1228 272 1232 470; x_wconf 95' lang='lat' dir='ltr'> </span> 
     </span>
    </p>
   </div>
   <div class='ocr_carea' id='block_1_3' title="bbox 392 475 1231 515">
    <p class='ocr_par' dir='ltr' id='par_1_3' title="bbox 392 475 1231 515">
     <span class='ocr_line' id='line_1_7' title="bbox 392 475 1231 515; baseline 0 0"><span class='ocrx_word' id='word_1_29' title='bbox 392 498 402 515; x_wconf 63' lang='grc' dir='ltr'><strong>Ἄ</strong></span> <span class='ocrx_word' id='word_1_30' title='bbox 407 499 417 515; x_wconf 72' lang='grc' dir='ltr'><em>ἳ</em></span> <span class='ocrx_word' id='word_1_31' title='bbox 1230 475 1231 488; x_wconf 53' lang='lat' dir='ltr'>l</span> 
     </span>
    </p>
   </div>
   <div class='ocr_carea' id='block_1_4' title="bbox 392 522 1232 844">
    <p class='ocr_par' dir='ltr' id='par_1_4' title="bbox 392 522 1232 844">
     <span class='ocr_line' id='line_1_8' title="bbox 393 522 1144 571; baseline -0.001 -13"><span class='ocrx_word' id='word_1_32' title='bbox 393 548 419 566; x_wconf 84' lang='lat'>,‚</span> <span class='ocrx_word' id='word_1_33' title='bbox 447 523 536 559; x_wconf 91' lang='lat' dir='ltr'>solvi</span> <span class='ocrx_word' id='word_1_34' title='bbox 553 551 563 564; x_wconf 82' lang='lat'>,</span> <span class='ocrx_word' id='word_1_35' title='bbox 590 523 758 571; x_wconf 88' lang='lat' dir='ltr'>obsequi,</span> <span class='ocrx_word' id='word_1_36' title='bbox 787 537 824 558; x_wconf 84' lang='lat' dir='ltr'>ac</span> <span class='ocrx_word' id='word_1_37' title='bbox 853 522 1011 570; x_wconf 84' lang='lat' dir='ltr'>praestari</span> <span class='ocrx_word' id='word_1_38' title='bbox 1048 523 1144 557; x_wconf 85' lang='lat' dir='ltr'>debe·</span> 
     </span>
     <span class='ocr_line' id='line_1_9' title="bbox 393 574 1147 622; baseline -0.003 -13"><span class='ocrx_word' id='word_1_39' title='bbox 393 599 418 617; x_wconf 84' lang='lat'><strong>„</strong></span> <span class='ocrx_word' id='word_1_40' title='bbox 445 583 498 609; x_wconf 84' lang='lat' dir='ltr'>ret</span> <span class='ocrx_word' id='word_1_41' title='bbox 534 574 688 609; x_wconf 85' lang='lat' dir='ltr'>Venerio</span> <span class='ocrx_word' id='word_1_42' title='bbox 724 574 975 622; x_wconf 82' lang='lat' dir='ltr'>Gruppignano</span> <span class='ocrx_word' id='word_1_43' title='bbox 997 600 1006 616; x_wconf 90' lang='lat'>‚</span> <span class='ocrx_word' id='word_1_44' title='bbox 1043 586 1147 620; x_wconf 88' lang='lat' dir='ltr'>quem</span> 
     </span>
     <span class='ocr_line' id='line_1_10' title="bbox 392 622 1231 672; baseline -0.002 -13"><span class='ocrx_word' id='word_1_45' title='bbox 392 649 417 670; x_wconf 84' lang='lat'>‚,</span> <span class='ocrx_word' id='word_1_46' title='bbox 445 624 643 672; x_wconf 84' lang='lat' dir='ltr'>hujusmodi</span> <span class='ocrx_word' id='word_1_47' title='bbox 672 624 796 659; x_wconf 76' lang='lat' dir='ltr'>feudis</span> <span class='ocrx_word' id='word_1_48' title='bbox 824 622 1057 671; x_wconf 80' lang='lat' dir='ltr'>praefecerat,</span> <span class='ocrx_word' id='word_1_49' title='bbox 1095 637 1147 658; x_wconf 85' lang='lat' dir='ltr'>ac·</span> <span class='ocrx_word' id='word_1_50' title='bbox 1229 651 1231 671; x_wconf 41' lang='lat'><strong><em>¹</em></strong></span> 
     </span>
     <span class='ocr_line' id='line_1_11' title="bbox 394 672 1232 725; baseline -0.001 -15"><span class='ocrx_word' id='word_1_51' title='bbox 394 703 419 721; x_wconf 89' lang='lat'>‚,</span> <span class='ocrx_word' id='word_1_52' title='bbox 447 675 564 710; x_wconf 69' lang='lat' dir='ltr'>cet-sita</span> <span class='ocrx_word' id='word_1_53' title='bbox 601 675 735 722; x_wconf 82' lang='lat' dir='ltr'>alioqui</span> <span class='ocrx_word' id='word_1_54' title='bbox 772 676 959 710; x_wconf 85' lang='lat' dir='ltr'>Terrarum</span> <span class='ocrx_word' id='word_1_55' title='bbox 996 672 1145 721; x_wconf 84' lang='lat' dir='ltr'>ipsarum</span> <span class='ocrx_word' id='word_1_56' title='bbox 1229 678 1232 725; x_wconf 80' lang='grc' dir='ltr'>Ι</span> 
     </span>
     <span class='ocr_line' id='line_1_12' title="bbox 396 723 1232 844; baseline -0.004 -83"><span class='ocrx_word' id='word_1_57' title='bbox 396 754 420 770; x_wconf 91' lang='lat'><strong>„</strong></span> <span class='ocrx_word' id='word_1_58' title='bbox 448 724 731 768; x_wconf 79' lang='lat' dir='ltr'>intromissione,</span> <span class='ocrx_word' id='word_1_59' title='bbox 778 724 819 759; x_wconf 87' lang='lat' dir='ltr'>ad</span> <span class='ocrx_word' id='word_1_60' title='bbox 861 723 1071 759; x_wconf 85' lang='lat' dir='ltr'>solutionem</span> <span class='ocrx_word' id='word_1_61' title='bbox 1114 727 1147 760; x_wconf 70' lang='grc' dir='ltr'>δε</span> <span class='ocrx_word' id='word_1_62' title='bbox 1193 725 1232 844; x_wconf 68' lang='lat' dir='ltr'>El</span> 
     </span>
    </p>
   </div>
   <div class='ocr_carea' id='block_1_5' title="bbox 1228 490 1233 648">
    <p class='ocr_par' dir='ltr' id='par_1_5' title="bbox 1228 490 1233 648">
     <span class='ocr_line' id='line_1_13' title="bbox 1228 490 1233 648; baseline 0 0"><span class='ocrx_word' id='word_1_63' title='bbox 1228 490 1233 648; x_wconf 95' lang='lat' dir='ltr'> </span> 
     </span>
    </p>
   </div>
   <div class='ocr_carea' id='block_1_6' title="bbox 395 774 1154 1221">
    <p class='ocr_par' dir='ltr' id='par_1_6' title="bbox 395 774 1149 925">
     <span class='ocr_line' id='line_1_14' title="bbox 395 774 1149 823; baseline -0.001 -12"><span class='ocrx_word' id='word_1_64' title='bbox 395 803 422 822; x_wconf 91' lang='lat'><strong>„</strong></span> <span class='ocrx_word' id='word_1_65' title='bbox 450 776 712 823; x_wconf 83' lang='lat' dir='ltr'>praestationem</span> <span class='ocrx_word' id='word_1_66' title='bbox 741 774 773 810; x_wconf 87' lang='lat' dir='ltr'>se</span> <span class='ocrx_word' id='word_1_67' title='bbox 800 774 1082 821; x_wconf 85' lang='lat' dir='ltr'>compulsurum,</span> <span class='ocrx_word' id='word_1_68' title='bbox 1111 786 1149 811; x_wconf 87' lang='lat' dir='ltr'>ut</span> 
     </span>
     <span class='ocr_line' id='line_1_15' title="bbox 401 823 1149 871; baseline 0 -9"><span class='ocrx_word' id='word_1_69' title='bbox 401 854 426 871; x_wconf 80' lang='lat'>,‚</span> <span class='ocrx_word' id='word_1_70' title='bbox 456 826 625 863; x_wconf 86' lang='lat' dir='ltr'>Nicolaus</span> <span class='ocrx_word' id='word_1_71' title='bbox 680 823 907 860; x_wconf 82' lang='lat' dir='ltr'>Civitatenfis</span> <span class='ocrx_word' id='word_1_72' title='bbox 959 826 1149 862; x_wconf 85' lang='lat' dir='ltr'>memoriae</span> 
     </span>
     <span class='ocr_line' id='line_1_16' title="bbox 399 876 627 925; baseline -0.004 -13"><span class='ocrx_word' id='word_1_73' title='bbox 399 904 424 922; x_wconf 86' lang='lat'>,‚</span> <span class='ocrx_word' id='word_1_74' title='bbox 451 876 627 925; x_wconf 86' lang='lat' dir='ltr'>prodidit.</span> 
     </span>
    </p>

    <p class='ocr_par' dir='ltr' id='par_1_7' title="bbox 396 926 1154 1221">
     <span class='ocr_line' id='line_1_17' title="bbox 447 926 1149 971; baseline 0.001 -9"><span class='ocrx_word' id='word_1_75' title='bbox 447 955 471 971; x_wconf 86' lang='lat'><strong>„</strong></span> <span class='ocrx_word' id='word_1_76' title='bbox 491 928 768 963; x_wconf 75' lang='lat' dir='ltr'><strong>MCCCXLIX.</strong></span> <span class='ocrx_word' id='word_1_77' title='bbox 780 926 896 962; x_wconf 88' lang='lat' dir='ltr'>Nonis</span> <span class='ocrx_word' id='word_1_78' title='bbox 911 927 1038 963; x_wconf 89' lang='lat' dir='ltr'>Martii</span> <span class='ocrx_word' id='word_1_79' title='bbox 1053 955 1062 971; x_wconf 96' lang='lat'>,</span> <span class='ocrx_word' id='word_1_80' title='bbox 1073 927 1149 963; x_wconf 88' lang='lat' dir='ltr'>fun·</span> 
     </span>
     <span class='ocr_line' id='line_1_18' title="bbox 396 976 1151 1021; baseline 0.003 -10"><span class='ocrx_word' id='word_1_81' title='bbox 396 1003 420 1021; x_wconf 87' lang='lat'><strong>„</strong></span> <span class='ocrx_word' id='word_1_82' title='bbox 449 977 530 1011; x_wconf 87' lang='lat' dir='ltr'>dum</span> <span class='ocrx_word' id='word_1_83' title='bbox 575 977 679 1011; x_wconf 84' lang='lat' dir='ltr'>Utini</span> <span class='ocrx_word' id='word_1_84' title='bbox 724 976 824 1012; x_wconf 83' lang='lat' dir='ltr'>situm</span> <span class='ocrx_word' id='word_1_85' title='bbox 869 977 905 1013; x_wconf 88' lang='lat' dir='ltr'>in</span> <span class='ocrx_word' id='word_1_86' title='bbox 949 978 1151 1014; x_wconf 87' lang='lat' dir='ltr'>Pratocluso</span> 
     </span>
     <span class='ocr_line' id='line_1_19' title="bbox 396 1027 1151 1075; baseline 0.003 -13"><span class='ocrx_word' id='word_1_87' title='bbox 396 1054 420 1071; x_wconf 89' lang='lat'>„</span> <span class='ocrx_word' id='word_1_88' title='bbox 448 1028 521 1075; x_wconf 85' lang='lat' dir='ltr'>jure</span> <span class='ocrx_word' id='word_1_89' title='bbox 549 1027 791 1063; x_wconf 84' lang='lat' dir='ltr'>Ministerialis</span> <span class='ocrx_word' id='word_1_90' title='bbox 817 1028 925 1064; x_wconf 77' lang='lat' dir='ltr'>Feudi</span> <span class='ocrx_word' id='word_1_91' title='bbox 950 1029 1151 1064; x_wconf 86' lang='lat' dir='ltr'>Literarurn</span> 
     </span>
     <span class='ocr_line' id='line_1_20' title="bbox 397 1077 1152 1125; baseline 0.003 -12"><span class='ocrx_word' id='word_1_92' title='bbox 397 1105 422 1122; x_wconf 94' lang='lat'>„</span> <span class='ocrx_word' id='word_1_93' title='bbox 449 1077 546 1113; x_wconf 85' lang='lat' dir='ltr'>ocius</span> <span class='ocrx_word' id='word_1_94' title='bbox 575 1077 851 1125; x_wconf 85' lang='lat' dir='ltr'>perferendarum</span> <span class='ocrx_word' id='word_1_95' title='bbox 869 1106 879 1122; x_wconf 93' lang='lat'>,</span> <span class='ocrx_word' id='word_1_96' title='bbox 916 1092 986 1125; x_wconf 89' lang='lat' dir='ltr'>quo</span> <span class='ocrx_word' id='word_1_97' title='bbox 1015 1080 1152 1115; x_wconf 79' lang='lat' dir='ltr'>praesul</span> 
     </span>
     <span class='ocr_line' id='line_1_21' title="bbox 397 1127 1154 1175; baseline 0.007 -14"><span class='ocrx_word' id='word_1_98' title='bbox 397 1154 422 1171; x_wconf 88' lang='lat'>,‚</span> <span class='ocrx_word' id='word_1_99' title='bbox 449 1127 589 1175; x_wconf 81' lang='lat' dir='ltr'>juffiffet</span> <span class='ocrx_word' id='word_1_100' title='bbox 606 1155 615 1170; x_wconf 94' lang='lat'>,</span> <span class='ocrx_word' id='word_1_101' title='bbox 653 1129 867 1164; x_wconf 81' lang='lat' dir='ltr'>Gubertinus</span> <span class='ocrx_word' id='word_1_102' title='bbox 903 1129 1055 1166; x_wconf 84' lang='lat' dir='ltr'>affirmat</span> <span class='ocrx_word' id='word_1_103' title='bbox 1082 1132 1154 1166; x_wconf 91' lang='lat' dir='ltr'>col-</span> 
     </span>
     <span class='ocr_line' id='line_1_22' title="bbox 397 1177 707 1221; baseline 0 -9"><span class='ocrx_word' id='word_1_104' title='bbox 397 1203 422 1221; x_wconf 82' lang='lat'><em>„</em></span> <span class='ocrx_word' id='word_1_105' title='bbox 449 1179 560 1212; x_wconf 86' lang='lat' dir='ltr'>latum</span> <span class='ocrx_word' id='word_1_106' title='bbox 589 1177 707 1213; x_wconf 86' lang='lat' dir='ltr'>fuisse.</span> 
     </span>
    </p>
   </div>
   <div class='ocr_carea' id='block_1_7' title="bbox 1230 849 1236 1098">
    <p class='ocr_par' dir='ltr' id='par_1_8' title="bbox 1230 849 1236 1098">
     <span class='ocr_line' id='line_1_23' title="bbox 1230 849 1236 1098; baseline 0 1929"><span class='ocrx_word' id='word_1_107' title='bbox 1230 849 1236 1098; x_wconf 95' lang='lat' dir='ltr'> </span> 
     </span>
    </p>
   </div>
   <div class='ocr_carea' id='block_1_8' title="bbox 1233 1099 1236 1169">
    <p class='ocr_par' dir='ltr' id='par_1_9' title="bbox 1233 1099 1236 1169">
     <span class='ocr_line' id='line_1_24' title="bbox 1233 1099 1236 1169; baseline 0 1858"><span class='ocrx_word' id='word_1_108' title='bbox 1233 1099 1236 1169; x_wconf 95' lang='lat' dir='ltr'> </span> 
     </span>
    </p>
   </div>
   <div class='ocr_carea' id='block_1_9' title="bbox 675 1180 1237 1384">
    <p class='ocr_par' dir='ltr' id='par_1_10' title="bbox 675 1180 1237 1384">
     <span class='ocr_line' id='line_1_25' title="bbox 1196 1180 1236 1227; baseline 0 0"><span class='ocrx_word' id='word_1_109' title='bbox 1196 1180 1236 1227; x_wconf 74' lang='lat' dir='ltr'>C·</span> 
     </span>
     <span class='ocr_line' id='line_1_26' title="bbox 675 1232 1237 1319; baseline 0.004 -33"><span class='ocrx_word' id='word_1_110' title='bbox 675 1251 851 1287; x_wconf 57' lang='lat' dir='ltr'>Sarfforum</span> <span class='ocrx_word' id='word_1_111' title='bbox 861 1279 870 1288; x_wconf 88' lang='lat'>.</span> <span class='ocrx_word' id='word_1_112' title='bbox 1233 1232 1237 1319; x_wconf 60' lang='grc' dir='ltr'><strong><em>Ξ</em></strong></span> 
     </span>
     <span class='ocr_line' id='line_1_27' title="bbox 1233 1365 1234 1384; baseline 0 0"><span class='ocrx_word' id='word_1_113' title='bbox 1233 1365 1234 1384; x_wconf 64' lang='lat' dir='ltr'>l</span> 
     </span>
    </p>
   </div>
   <div class='ocr_carea' id='block_1_10' title="bbox 394 1327 1235 1726">
    <p class='ocr_par' dir='ltr' id='par_1_11' title="bbox 394 1327 1235 1726">
     <span class='ocr_line' id='line_1_28' title="bbox 450 1327 1153 1376; baseline 0.004 -13"><span class='ocrx_word' id='word_1_114' title='bbox 450 1355 475 1372; x_wconf 95' lang='lat'>,‚</span> <span class='ocrx_word' id='word_1_115' title='bbox 503 1329 833 1363; x_wconf 74' lang='lat' dir='ltr'>MCCCXXXVH.</span> <span class='ocrx_word' id='word_1_116' title='bbox 855 1327 1003 1376; x_wconf 88' lang='lat' dir='ltr'>septimo</span> <span class='ocrx_word' id='word_1_117' title='bbox 1027 1331 1153 1366; x_wconf 87' lang='lat' dir='ltr'>Calen-</span> 
     </span>
     <span class='ocr_line' id='line_1_29' title="bbox 399 1378 1235 1428; baseline 0.005 -15"><span class='ocrx_word' id='word_1_118' title='bbox 399 1406 423 1424; x_wconf 82' lang='lat'>‚,</span> <span class='ocrx_word' id='word_1_119' title='bbox 451 1379 509 1413; x_wconf 89' lang='lat' dir='ltr'>das</span> <span class='ocrx_word' id='word_1_120' title='bbox 544 1378 641 1422; x_wconf 87' lang='lat' dir='ltr'>Junii</span> <span class='ocrx_word' id='word_1_121' title='bbox 663 1405 674 1422; x_wconf 91' lang='lat'>‚</span> <span class='ocrx_word' id='word_1_122' title='bbox 709 1378 902 1421; x_wconf 87' lang='lat' dir='ltr'>Johannem</span> <span class='ocrx_word' id='word_1_123' title='bbox 940 1380 1152 1428; x_wconf 80' lang='lat' dir='ltr'>Lugdunum</span> <span class='ocrx_word' id='word_1_124' title='bbox 1231 1385 1235 1421; x_wconf 74' lang='lat' dir='ltr'>i</span> 
     </span>
     <span class='ocr_line' id='line_1_30' title="bbox 399 1426 1234 1473; baseline 0.002 -10"><span class='ocrx_word' id='word_1_125' title='bbox 399 1456 424 1473; x_wconf 89' lang='lat'><strong>„</strong></span> <span class='ocrx_word' id='word_1_126' title='bbox 451 1428 644 1463; x_wconf 68' lang='lat' dir='ltr'>Sarstorem</span> <span class='ocrx_word' id='word_1_127' title='bbox 687 1428 729 1462; x_wconf 86' lang='lat' dir='ltr'>ad</span> <span class='ocrx_word' id='word_1_128' title='bbox 765 1427 889 1462; x_wconf 79' lang='lat' dir='ltr'>fundos</span> <span class='ocrx_word' id='word_1_129' title='bbox 936 1439 1003 1464; x_wconf 85' lang='lat' dir='ltr'>tres</span> <span class='ocrx_word' id='word_1_130' title='bbox 1040 1431 1151 1466; x_wconf 86' lang='lat' dir='ltr'>Mini.</span> <span class='ocrx_word' id='word_1_131' title='bbox 1231 1426 1234 1440; x_wconf 91' lang='lat'>&#39;</span> 
     </span>
     <span class='ocr_line' id='line_1_31' title="bbox 397 1476 1149 1524; baseline 0.003 -12"><span class='ocrx_word' id='word_1_132' title='bbox 397 1506 422 1523; x_wconf 84' lang='lat'>‚,</span> <span class='ocrx_word' id='word_1_133' title='bbox 449 1477 541 1513; x_wconf 88' lang='lat' dir='ltr'>sterii</span> <span class='ocrx_word' id='word_1_134' title='bbox 578 1477 746 1512; x_wconf 67' lang='lat' dir='ltr'>Sar&amp;oris</span> <span class='ocrx_word' id='word_1_135' title='bbox 777 1476 992 1524; x_wconf 88' lang='lat' dir='ltr'>susceptum,</span> <span class='ocrx_word' id='word_1_136' title='bbox 1023 1488 1062 1514; x_wconf 90' lang='lat' dir='ltr'>ut</span> <span class='ocrx_word' id='word_1_137' title='bbox 1091 1480 1149 1514; x_wconf 77' lang='lat' dir='ltr'>ho-</span> 
     </span>
     <span class='ocr_line' id='line_1_32' title="bbox 397 1526 1151 1575; baseline 0 -12"><span class='ocrx_word' id='word_1_138' title='bbox 397 1557 422 1573; x_wconf 88' lang='lat'>„</span> <span class='ocrx_word' id='word_1_139' title='bbox 450 1528 538 1564; x_wconf 90' lang='lat' dir='ltr'>neste</span> <span class='ocrx_word' id='word_1_140' title='bbox 565 1527 696 1575; x_wconf 82' lang='lat' dir='ltr'>semper</span> <span class='ocrx_word' id='word_1_141' title='bbox 716 1526 836 1562; x_wconf 74' lang='lat' dir='ltr'>vestita</span> <span class='ocrx_word' id='word_1_142' title='bbox 858 1527 1026 1563; x_wconf 81' lang='lat' dir='ltr'>Praesulis</span> <span class='ocrx_word' id='word_1_143' title='bbox 1051 1528 1151 1563; x_wconf 87' lang='lat' dir='ltr'>fami-</span> 
     </span>
     <span class='ocr_line' id='line_1_33' title="bbox 394 1577 1151 1626; baseline 0 -11"><span class='ocrx_word' id='word_1_144' title='bbox 394 1606 421 1623; x_wconf 88' lang='lat'>.,</span> <span class='ocrx_word' id='word_1_145' title='bbox 447 1578 497 1614; x_wconf 86' lang='lat' dir='ltr'>lia</span> <span class='ocrx_word' id='word_1_146' title='bbox 523 1578 561 1614; x_wconf 88' lang='lat' dir='ltr'>in</span> <span class='ocrx_word' id='word_1_147' title='bbox 590 1577 768 1626; x_wconf 80' lang='lat' dir='ltr'>publicum</span> <span class='ocrx_word' id='word_1_148' title='bbox 789 1577 1008 1625; x_wconf 75' lang='lat' dir='ltr'>procederet,</span> <span class='ocrx_word' id='word_1_149' title='bbox 1038 1578 1059 1612; x_wconf 89' lang='lat' dir='ltr'><strong>fi</strong></span> <span class='ocrx_word' id='word_1_150' title='bbox 1081 1581 1151 1615; x_wconf 89' lang='lat' dir='ltr'>Gu-</span> 
     </span>
     <span class='ocr_line' id='line_1_34' title="bbox 396 1622 1223 1677; baseline 0.001 -13"><span class='ocrx_word' id='word_1_151' title='bbox 396 1622 422 1675; x_wconf 55' lang='lat' dir='ltr'>{a</span> <span class='ocrx_word' id='word_1_152' title='bbox 450 1629 626 1664; x_wconf 79' lang='lat' dir='ltr'>bertinum</span> <span class='ocrx_word' id='word_1_153' title='bbox 653 1628 801 1677; x_wconf 81' lang='lat' dir='ltr'>legeris,</span> <span class='ocrx_word' id='word_1_154' title='bbox 836 1628 977 1677; x_wconf 78' lang='lat' dir='ltr'>ignarus</span> <span class='ocrx_word' id='word_1_155' title='bbox 1003 1629 1152 1665; x_wconf 84' lang='lat' dir='ltr'>minime</span> <span class='ocrx_word' id='word_1_156' title='bbox 1194 1639 1223 1671; x_wconf 78' lang='lat' dir='ltr'><strong>D</strong></span> 
     </span>
     <span class='ocr_line' id='line_1_35' title="bbox 398 1679 575 1726; baseline -0.006 -10"><span class='ocrx_word' id='word_1_157' title='bbox 398 1707 423 1726; x_wconf 86' lang='lat'>‚,</span> <span class='ocrx_word' id='word_1_158' title='bbox 451 1679 575 1716; x_wconf 85' lang='lat' dir='ltr'>fueris.</span> 
     </span>
    </p>
   </div>
   <div class='ocr_carea' id='block_1_11' title="bbox 658 1756 1239 1828">
    <p class='ocr_par' dir='ltr' id='par_1_12' title="bbox 658 1756 1239 1828">
     <span class='ocr_line' id='line_1_36' title="bbox 658 1756 1239 1828; baseline 0.01 -39"><span class='ocrx_word' id='word_1_159' title='bbox 658 1756 873 1790; x_wconf 76' lang='lat' dir='ltr'>Murariorum</span> <span class='ocrx_word' id='word_1_160' title='bbox 888 1781 898 1792; x_wconf 86' lang='grc'><strong>.</strong></span> <span class='ocrx_word' id='word_1_161' title='bbox 1177 1778 1182 1828; x_wconf 61' lang='grc' dir='ltr'>Ι</span> <span class='ocrx_word' id='word_1_162' title='bbox 1234 1765 1239 1811; x_wconf 68' lang='grc' dir='ltr'>Ι</span> 
     </span>
    </p>
   </div>
   <div class='ocr_carea' id='block_1_12' title="bbox 398 1830 1241 2583">
    <p class='ocr_par' dir='ltr' id='par_1_13' title="bbox 398 1830 1241 2181">
     <span class='ocr_line' id='line_1_37' title="bbox 447 1830 1151 1877; baseline -0.001 -9"><span class='ocrx_word' id='word_1_163' title='bbox 447 1859 472 1877; x_wconf 86' lang='grc'>,,</span> <span class='ocrx_word' id='word_1_164' title='bbox 498 1833 830 1868; x_wconf 69' lang='lat' dir='ltr'>mcccxxxvn.</span> <span class='ocrx_word' id='word_1_165' title='bbox 860 1830 975 1867; x_wconf 74' lang='lat' dir='ltr'>Nonis</span> <span class='ocrx_word' id='word_1_166' title='bbox 1001 1831 1151 1875; x_wconf 67' lang='lat' dir='ltr'>Martii,</span> 
     </span>
     <span class='ocr_line' id='line_1_38' title="bbox 399 1881 1150 1930; baseline 0 -12"><span class='ocrx_word' id='word_1_167' title='bbox 399 1911 422 1929; x_wconf 81' lang='lat'>‚,</span> <span class='ocrx_word' id='word_1_168' title='bbox 451 1896 521 1930; x_wconf 88' lang='lat' dir='ltr'>quo</span> <span class='ocrx_word' id='word_1_169' title='bbox 558 1882 736 1917; x_wconf 88' lang='lat' dir='ltr'>Dietricus</span> <span class='ocrx_word' id='word_1_170' title='bbox 773 1881 886 1917; x_wconf 88' lang='lat' dir='ltr'>Anser</span> <span class='ocrx_word' id='word_1_171' title='bbox 927 1882 968 1917; x_wconf 86' lang='lat' dir='ltr'>ad</span> <span class='ocrx_word' id='word_1_172' title='bbox 1005 1882 1150 1918; x_wconf 85' lang='lat' dir='ltr'>Curiam</span> 
     </span>
     <span class='ocr_line' id='line_1_39' title="bbox 398 1931 1152 1982; baseline -0.001 -12"><span class='ocrx_word' id='word_1_173' title='bbox 398 1961 422 1979; x_wconf 89' lang='lat'>„</span> <span class='ocrx_word' id='word_1_174' title='bbox 451 1933 634 1981; x_wconf 82' lang='lat' dir='ltr'>quamdam</span> <span class='ocrx_word' id='word_1_175' title='bbox 663 1941 819 1980; x_wconf 86' lang='lat' dir='ltr'>receptus</span> <span class='ocrx_word' id='word_1_176' title='bbox 846 1931 952 1968; x_wconf 87' lang='lat' dir='ltr'>fuerit</span> <span class='ocrx_word' id='word_1_177' title='bbox 980 1933 1053 1982; x_wconf 83' lang='lat' dir='ltr'>jure</span> <span class='ocrx_word' id='word_1_178' title='bbox 1080 1933 1152 1969; x_wconf 84' lang='lat' dir='ltr'>Mi-</span> 
     </span>
     <span class='ocr_line' id='line_1_40' title="bbox 399 1982 1153 2031; baseline 0.001 -12"><span class='ocrx_word' id='word_1_179' title='bbox 399 2012 424 2029; x_wconf 85' lang='lat'>‚‚</span> <span class='ocrx_word' id='word_1_180' title='bbox 451 1984 633 2020; x_wconf 82' lang='lat' dir='ltr'>nisterialis</span> <span class='ocrx_word' id='word_1_181' title='bbox 675 1982 810 2026; x_wconf 86' lang='lat' dir='ltr'>Feudi,</span> <span class='ocrx_word' id='word_1_182' title='bbox 852 1997 923 2031; x_wconf 92' lang='lat' dir='ltr'>quo</span> <span class='ocrx_word' id='word_1_183' title='bbox 963 1985 1080 2020; x_wconf 85' lang='lat' dir='ltr'>Muris</span> <span class='ocrx_word' id='word_1_184' title='bbox 1116 1984 1153 2020; x_wconf 87' lang='lat' dir='ltr'>in</span> 
     </span>
     <span class='ocr_line' id='line_1_41' title="bbox 399 2012 1241 2095; baseline -0.001 -24"><span class='ocrx_word' id='word_1_185' title='bbox 399 2062 424 2080; x_wconf 86' lang='lat'><strong>„</strong></span> <span class='ocrx_word' id='word_1_186' title='bbox 451 2034 592 2083; x_wconf 83' lang='lat' dir='ltr'>Oppido</span> <span class='ocrx_word' id='word_1_187' title='bbox 637 2033 869 2082; x_wconf 86' lang='lat' dir='ltr'>Auspurgenfi</span> <span class='ocrx_word' id='word_1_188' title='bbox 920 2034 1154 2070; x_wconf 85' lang='lat' dir='ltr'>construendis</span> <span class='ocrx_word' id='word_1_189' title='bbox 1234 2012 1241 2095; x_wconf 80' lang='grc' dir='ltr'>Ι</span> 
     </span>
     <span class='ocr_line' id='line_1_42' title="bbox 400 2083 1224 2133; baseline 0.001 -14"><span class='ocrx_word' id='word_1_190' title='bbox 400 2114 425 2130; x_wconf 85' lang='lat'>„</span> <span class='ocrx_word' id='word_1_191' title='bbox 453 2085 642 2133; x_wconf 85' lang='lat' dir='ltr'>peculiater</span> <span class='ocrx_word' id='word_1_192' title='bbox 678 2084 874 2119; x_wconf 87' lang='lat' dir='ltr'>obnoxium</span> <span class='ocrx_word' id='word_1_193' title='bbox 902 2083 935 2120; x_wconf 92' lang='lat' dir='ltr'>se</span> <span class='ocrx_word' id='word_1_194' title='bbox 967 2084 1154 2130; x_wconf 88' lang='lat' dir='ltr'>reddebat,</span> <span class='ocrx_word' id='word_1_195' title='bbox 1197 2096 1224 2128; x_wconf 77' lang='lat' dir='ltr'><strong>E</strong></span> 
     </span>
     <span class='ocr_line' id='line_1_43' title="bbox 399 2134 850 2181; baseline -0.004 -9"><span class='ocrx_word' id='word_1_196' title='bbox 399 2163 424 2181; x_wconf 92' lang='lat'>„</span> <span class='ocrx_word' id='word_1_197' title='bbox 451 2135 666 2172; x_wconf 85' lang='lat' dir='ltr'>Gubertinus</span> <span class='ocrx_word' id='word_1_198' title='bbox 690 2134 850 2171; x_wconf 83' lang='lat' dir='ltr'>testatur.</span> 
     </span>
    </p>

    <p class='ocr_par' dir='ltr' id='par_1_14' title="bbox 451 2185 1155 2231">
     <span class='ocr_line' id='line_1_44' title="bbox 451 2185 1155 2231; baseline 0 -9"><span class='ocrx_word' id='word_1_199' title='bbox 451 2214 475 2231; x_wconf 92' lang='lat'>,‚</span> <span class='ocrx_word' id='word_1_200' title='bbox 503 2187 762 2222; x_wconf 84' lang='lat' dir='ltr'>MCCCXLV.</span> <span class='ocrx_word' id='word_1_201' title='bbox 799 2185 965 2221; x_wconf 76' lang='lat' dir='ltr'>Calendis</span> <span class='ocrx_word' id='word_1_202' title='bbox 1004 2186 1155 2231; x_wconf 87' lang='lat' dir='ltr'>Martii,</span> 
     </span>
    </p>

    <p class='ocr_par' dir='ltr' id='par_1_15' title="bbox 401 2236 1239 2583">
     <span class='ocr_line' id='line_1_45' title="bbox 402 2236 1156 2285; baseline -0.001 -12"><span class='ocrx_word' id='word_1_203' title='bbox 402 2266 427 2282; x_wconf 90' lang='lat'>,‚</span> <span class='ocrx_word' id='word_1_204' title='bbox 453 2238 706 2285; x_wconf 82' lang='lat' dir='ltr'>Gallinganum</span> <span class='ocrx_word' id='word_1_205' title='bbox 736 2236 993 2272; x_wconf 87' lang='lat' dir='ltr'>Civitatensem</span> <span class='ocrx_word' id='word_1_206' title='bbox 1015 2237 1056 2272; x_wconf 88' lang='lat' dir='ltr'>ad</span> <span class='ocrx_word' id='word_1_207' title='bbox 1079 2237 1156 2273; x_wconf 89' lang='lat' dir='ltr'>fun-</span> 
     </span>
     <span class='ocr_line' id='line_1_46' title="bbox 403 2287 1153 2335; baseline -0.001 -11"><span class='ocrx_word' id='word_1_208' title='bbox 403 2316 426 2333; x_wconf 86' lang='lat'>‚,</span> <span class='ocrx_word' id='word_1_209' title='bbox 453 2288 536 2324; x_wconf 89' lang='lat' dir='ltr'>dum</span> <span class='ocrx_word' id='word_1_210' title='bbox 565 2287 669 2323; x_wconf 91' lang='lat' dir='ltr'>Utini</span> <span class='ocrx_word' id='word_1_211' title='bbox 698 2288 869 2335; x_wconf 87' lang='lat' dir='ltr'>jacentem</span> <span class='ocrx_word' id='word_1_212' title='bbox 905 2287 943 2322; x_wconf 92' lang='lat' dir='ltr'>in</span> <span class='ocrx_word' id='word_1_213' title='bbox 977 2289 1153 2323; x_wconf 87' lang='lat' dir='ltr'>Pratoclu-</span> 
     </span>
     <span class='ocr_line' id='line_1_47' title="bbox 401 2337 1154 2387; baseline -0.001 -13"><span class='ocrx_word' id='word_1_214' title='bbox 401 2367 426 2384; x_wconf 90' lang='lat'>„</span> <span class='ocrx_word' id='word_1_215' title='bbox 454 2338 490 2374; x_wconf 91' lang='lat' dir='ltr'>so</span> <span class='ocrx_word' id='word_1_216' title='bbox 517 2337 710 2387; x_wconf 90' lang='lat' dir='ltr'>susceptum</span> <span class='ocrx_word' id='word_1_217' title='bbox 727 2365 737 2381; x_wconf 94' lang='lat'>,</span> <span class='ocrx_word' id='word_1_218' title='bbox 764 2351 835 2386; x_wconf 89' lang='lat' dir='ltr'>quo</span> <span class='ocrx_word' id='word_1_219' title='bbox 861 2337 976 2374; x_wconf 57' lang='lat' dir='ltr'>caussa</span> <span class='ocrx_word' id='word_1_220' title='bbox 1003 2338 1154 2374; x_wconf 84' lang='lat' dir='ltr'>ministe-</span> 
     </span>
     <span class='ocr_line' id='line_1_48' title="bbox 402 2388 1154 2436; baseline -0.003 -11"><span class='ocrx_word' id='word_1_221' title='bbox 402 2416 426 2434; x_wconf 92' lang='lat'>„</span> <span class='ocrx_word' id='word_1_222' title='bbox 452 2388 498 2425; x_wconf 85' lang='lat' dir='ltr'>rii</span> <span class='ocrx_word' id='word_1_223' title='bbox 525 2402 626 2425; x_wconf 88' lang='lat' dir='ltr'>muro</span> <span class='ocrx_word' id='word_1_224' title='bbox 661 2389 699 2424; x_wconf 89' lang='lat' dir='ltr'>in</span> <span class='ocrx_word' id='word_1_225' title='bbox 735 2388 911 2433; x_wconf 77' lang='lat' dir='ltr'>Ecclesia,</span> <span class='ocrx_word' id='word_1_226' title='bbox 949 2389 1154 2436; x_wconf 81' lang='lat' dir='ltr'>Palatioque</span> 
     </span>
     <span class='ocr_line' id='line_1_49' title="bbox 403 2402 1239 2519; baseline -0.001 -44"><span class='ocrx_word' id='word_1_227' title='bbox 403 2467 427 2484; x_wconf 89' lang='lat'>‚,</span> <span class='ocrx_word' id='word_1_228' title='bbox 455 2439 670 2487; x_wconf 78' lang='lat' dir='ltr'>Aquilejensi</span> <span class='ocrx_word' id='word_1_229' title='bbox 691 2439 915 2474; x_wconf 88' lang='lat' dir='ltr'>construendo</span> <span class='ocrx_word' id='word_1_230' title='bbox 935 2438 1039 2476; x_wconf 88' lang='lat' dir='ltr'>fidem</span> <span class='ocrx_word' id='word_1_231' title='bbox 1059 2438 1153 2475; x_wconf 88' lang='lat' dir='ltr'>suam</span> <span class='ocrx_word' id='word_1_232' title='bbox 1234 2402 1239 2519; x_wconf 48' lang='grc' dir='ltr'>ξ</span> 
     </span>
     <span class='ocr_line' id='line_1_50' title="bbox 401 2489 1239 2583; baseline 0 -57"><span class='ocrx_word' id='word_1_233' title='bbox 401 2515 426 2534; x_wconf 85' lang='lat'>‚,</span> <span class='ocrx_word' id='word_1_234' title='bbox 453 2490 653 2539; x_wconf 81' lang='lat' dir='ltr'>obligavit,</span> <span class='ocrx_word' id='word_1_235' title='bbox 681 2489 772 2526; x_wconf 84' lang='lat' dir='ltr'>idem</span> <span class='ocrx_word' id='word_1_236' title='bbox 803 2489 933 2526; x_wconf 79' lang='lat' dir='ltr'>tradit.</span> <span class='ocrx_word' id='word_1_237' title='bbox 1178 2531 1184 2579; x_wconf 71' lang='grc' dir='ltr'>Ι</span> <span class='ocrx_word' id='word_1_238' title='bbox 1233 2522 1239 2583; x_wconf 55' lang='lat'><strong>¹</strong></span> 
     </span>
    </p>
   </div>
   <div class='ocr_carea' id='block_1_13' title="bbox 1176 1846 1181 1962">
    <p class='ocr_par' dir='ltr' id='par_1_16' title="bbox 1176 1846 1181 1962">
     <span class='ocr_line' id='line_1_51' title="bbox 1176 1846 1181 1962; baseline 0 1065"><span class='ocrx_word' id='word_1_239' title='bbox 1176 1846 1181 1962; x_wconf 95' lang='lat' dir='ltr'> </span> 
     </span>
    </p>
   </div>
   <div class='ocr_carea' id='block_1_14' title="bbox 1234 1819 1240 2009">
    <p class='ocr_par' dir='ltr' id='par_1_17' title="bbox 1234 1819 1240 2009">
     <span class='ocr_line' id='line_1_52' title="bbox 1234 1819 1240 2009; baseline 0 1018"><span class='ocrx_word' id='word_1_240' title='bbox 1234 1819 1240 2009; x_wconf 95' lang='lat' dir='ltr'> </span> 
     </span>
    </p>
   </div>
   <div class='ocr_carea' id='block_1_15' title="bbox 743 206 1680 269">
    <p class='ocr_par' dir='ltr' id='par_1_18' title="bbox 743 206 1680 269">
     <span class='ocr_line' id='line_1_53' title="bbox 743 206 1680 269; baseline 0 -16"><span class='ocrx_word' id='word_1_241' title='bbox 743 209 1153 269; x_wconf 53' lang='lat' dir='ltr'><em>ANTIQUIT.</em></span> <span class='ocrx_word' id='word_1_242' title='bbox 1216 206 1448 253; x_wconf 86' lang='lat' dir='ltr'><em>MEDII</em></span> <span class='ocrx_word' id='word_1_243' title='bbox 1503 211 1680 254; x_wconf 85' lang='lat' dir='ltr'><em>AEVI</em></span> 
     </span>
    </p>
   </div>
   <div class='ocr_carea' id='block_1_16' title="bbox 1884 220 1967 270">
    <p class='ocr_par' dir='ltr' id='par_1_19' title="bbox 1884 220 1967 270">
     <span class='ocr_line' id='line_1_54' title="bbox 1884 220 1967 270; baseline 0 0"><span class='ocrx_word' id='word_1_244' title='bbox 1884 220 1967 270; x_wconf 73' lang='lat'>364</span> 
     </span>
    </p>
   </div>
   <div class='ocr_carea' id='block_1_17' title="bbox 1455 295 1812 333">
    <p class='ocr_par' dir='ltr' id='par_1_20' title="bbox 1455 295 1812 333">
     <span class='ocr_line' id='line_1_55' title="bbox 1455 295 1812 333; baseline 0.008 -3"><span class='ocrx_word' id='word_1_245' title='bbox 1455 297 1624 331; x_wconf 66' lang='lat' dir='ltr'>=sternendi</span> <span class='ocrx_word' id='word_1_246' title='bbox 1650 295 1791 332; x_wconf 56' lang='lat' dir='ltr'>Lefficas</span> <span class='ocrx_word' id='word_1_247' title='bbox 1803 324 1812 333; x_wconf 86' lang='lat'>.</span> 
     </span>
    </p>
   </div>
   <div class='ocr_carea' id='block_1_18' title="bbox 1257 372 2023 917">
    <p class='ocr_par' dir='ltr' id='par_1_21' title="bbox 1257 372 2023 917">
     <span class='ocr_line' id='line_1_56' title="bbox 1307 372 2016 421; baseline 0.003 -15"><span class='ocrx_word' id='word_1_248' title='bbox 1307 397 1331 415; x_wconf 87' lang='lat'>‚,</span> <span class='ocrx_word' id='word_1_249' title='bbox 1351 372 1574 408; x_wconf 82' lang='lat' dir='ltr'>MCCCXL.</span> <span class='ocrx_word' id='word_1_250' title='bbox 1588 372 1706 407; x_wconf 87' lang='lat' dir='ltr'>Idibus</span> <span class='ocrx_word' id='word_1_251' title='bbox 1721 372 1808 415; x_wconf 83' lang='lat' dir='ltr'>Julii</span> <span class='ocrx_word' id='word_1_252' title='bbox 1822 400 1831 416; x_wconf 97' lang='lat'>,</span> <span class='ocrx_word' id='word_1_253' title='bbox 1849 372 2016 421; x_wconf 86' lang='lat' dir='ltr'>Sophiam</span> 
     </span>
     <span class='ocr_line' id='line_1_57' title="bbox 1257 422 2017 471; baseline 0.004 -15"><span class='ocrx_word' id='word_1_254' title='bbox 1257 446 1280 463; x_wconf 91' lang='lat'>‚,</span> <span class='ocrx_word' id='word_1_255' title='bbox 1307 422 1342 455; x_wconf 70' lang='grc' dir='ltr'>ὅ(</span> <span class='ocrx_word' id='word_1_256' title='bbox 1385 422 1584 458; x_wconf 82' lang='lat' dir='ltr'>Mariuzam</span> <span class='ocrx_word' id='word_1_257' title='bbox 1629 423 1773 458; x_wconf 89' lang='lat' dir='ltr'>Nicolai</span> <span class='ocrx_word' id='word_1_258' title='bbox 1813 424 2017 471; x_wconf 84' lang='lat' dir='ltr'>Capidaglii</span> 
     </span>
     <span class='ocr_line' id='line_1_58' title="bbox 1257 469 2017 521; baseline 0.005 -16"><span class='ocrx_word' id='word_1_259' title='bbox 1257 497 1282 514; x_wconf 91' lang='lat'>,‚</span> <span class='ocrx_word' id='word_1_260' title='bbox 1310 469 1401 506; x_wconf 86' lang='lat' dir='ltr'>filias</span> <span class='ocrx_word' id='word_1_261' title='bbox 1428 473 1447 507; x_wconf 72' lang='grc' dir='ltr'>ὲ</span> <span class='ocrx_word' id='word_1_262' title='bbox 1475 473 1691 521; x_wconf 85' lang='lat' dir='ltr'>Canippario</span> <span class='ocrx_word' id='word_1_263' title='bbox 1720 474 1904 509; x_wconf 86' lang='lat' dir='ltr'>Bertrandi</span> <span class='ocrx_word' id='word_1_264' title='bbox 1925 474 2017 509; x_wconf 88' lang='lat' dir='ltr'>sum-</span> 
     </span>
     <span class='ocr_line' id='line_1_59' title="bbox 1259 522 2018 573; baseline 0.004 -17"><span class='ocrx_word' id='word_1_265' title='bbox 1259 547 1282 564; x_wconf 83' lang='lat'><strong>„</strong></span> <span class='ocrx_word' id='word_1_266' title='bbox 1310 530 1362 556; x_wconf 86' lang='lat' dir='ltr'>tas</span> <span class='ocrx_word' id='word_1_267' title='bbox 1390 522 1431 557; x_wconf 88' lang='lat' dir='ltr'>ad</span> <span class='ocrx_word' id='word_1_268' title='bbox 1458 522 1604 558; x_wconf 86' lang='lat' dir='ltr'>fundum</span> <span class='ocrx_word' id='word_1_269' title='bbox 1633 523 1731 558; x_wconf 79' lang='lat' dir='ltr'>fuisse</span> <span class='ocrx_word' id='word_1_270' title='bbox 1769 524 1806 558; x_wconf 88' lang='lat' dir='ltr'>in</span> <span class='ocrx_word' id='word_1_271' title='bbox 1844 537 1926 573; x_wconf 88' lang='lat' dir='ltr'>agro</span> <span class='ocrx_word' id='word_1_272' title='bbox 1953 524 2018 559; x_wconf 86' lang='lat' dir='ltr'>Ci-</span> 
     </span>
     <span class='ocr_line' id='line_1_60' title="bbox 1258 571 2017 621; baseline 0.004 -15"><span class='ocrx_word' id='word_1_273' title='bbox 1258 597 1283 615; x_wconf 87' lang='lat'>‚,</span> <span class='ocrx_word' id='word_1_274' title='bbox 1310 571 1472 608; x_wconf 84' lang='lat' dir='ltr'>vitatenfi</span> <span class='ocrx_word' id='word_1_275' title='bbox 1500 586 1606 621; x_wconf 84' lang='lat' dir='ltr'>prope</span> <span class='ocrx_word' id='word_1_276' title='bbox 1635 574 1830 610; x_wconf 77' lang='lat' dir='ltr'>Natiss‘onis</span> <span class='ocrx_word' id='word_1_277' title='bbox 1867 574 2017 618; x_wconf 87' lang='lat' dir='ltr'>vadum,</span> 
     </span>
     <span class='ocr_line' id='line_1_61' title="bbox 1259 623 2019 671; baseline 0.003 -14"><span class='ocrx_word' id='word_1_278' title='bbox 1259 648 1283 666; x_wconf 86' lang='lat'>‚‚</span> <span class='ocrx_word' id='word_1_279' title='bbox 1311 623 1436 669; x_wconf 89' lang='lat' dir='ltr'>quibus</span> <span class='ocrx_word' id='word_1_280' title='bbox 1479 623 1587 658; x_wconf 84' lang='lat' dir='ltr'>Feudi</span> <span class='ocrx_word' id='word_1_281' title='bbox 1627 624 1763 659; x_wconf 88' lang='lat' dir='ltr'>ratione</span> <span class='ocrx_word' id='word_1_282' title='bbox 1804 624 1839 658; x_wconf 90' lang='lat' dir='ltr'>id</span> <span class='ocrx_word' id='word_1_283' title='bbox 1883 624 2019 671; x_wconf 80' lang='lat' dir='ltr'>negotii</span> 
     </span>
     <span class='ocr_line' id='line_1_62' title="bbox 1260 673 2020 715; baseline 0.003 -9"><span class='ocrx_word' id='word_1_284' title='bbox 1260 698 1284 715; x_wconf 87' lang='lat'>„</span> <span class='ocrx_word' id='word_1_285' title='bbox 1311 676 1431 707; x_wconf 83' lang='lat' dir='ltr'>datum</span> <span class='ocrx_word' id='word_1_286' title='bbox 1458 673 1561 712; x_wconf 77' lang='lat' dir='ltr'>esset,</span> <span class='ocrx_word' id='word_1_287' title='bbox 1590 682 1628 707; x_wconf 91' lang='lat' dir='ltr'>ut</span> <span class='ocrx_word' id='word_1_288' title='bbox 1658 673 1929 707; x_wconf 86' lang='lat' dir='ltr'>Patriarchalem</span> <span class='ocrx_word' id='word_1_289' title='bbox 1951 675 2020 708; x_wconf 89' lang='lat' dir='ltr'>Le-</span> 
     </span>
     <span class='ocr_line' id='line_1_63' title="bbox 1261 722 2019 770; baseline 0.003 -14"><span class='ocrx_word' id='word_1_290' title='bbox 1261 748 1284 766; x_wconf 93' lang='lat'>‚,</span> <span class='ocrx_word' id='word_1_291' title='bbox 1313 722 1440 757; x_wconf 67' lang='lat' dir='ltr'>&amp;icam</span> <span class='ocrx_word' id='word_1_292' title='bbox 1484 722 1592 770; x_wconf 84' lang='lat' dir='ltr'>paleis</span> <span class='ocrx_word' id='word_1_293' title='bbox 1634 722 1844 766; x_wconf 84' lang='lat' dir='ltr'>sternerent,</span> <span class='ocrx_word' id='word_1_294' title='bbox 1887 732 2019 758; x_wconf 89' lang='lat' dir='ltr'>veteres</span> 
     </span>
     <span class='ocr_line' id='line_1_64' title="bbox 1261 771 2021 817; baseline 0.001 -11"><span class='ocrx_word' id='word_1_295' title='bbox 1261 799 1284 815; x_wconf 92' lang='lat'><strong>„</strong></span> <span class='ocrx_word' id='word_1_296' title='bbox 1313 771 1553 817; x_wconf 86' lang='lat' dir='ltr'>asportarent,</span> <span class='ocrx_word' id='word_1_297' title='bbox 1593 774 1732 807; x_wconf 88' lang='lat' dir='ltr'>Petrum</span> <span class='ocrx_word' id='word_1_298' title='bbox 1762 772 2021 808; x_wconf 88' lang='lat' dir='ltr'>Civitatensern</span> 
     </span>
     <span class='ocr_line' id='line_1_65' title="bbox 1262 821 2023 870; baseline 0.003 -14"><span class='ocrx_word' id='word_1_299' title='bbox 1262 849 1286 866; x_wconf 95' lang='lat'><strong>„</strong></span> <span class='ocrx_word' id='word_1_300' title='bbox 1312 822 1480 866; x_wconf 79' lang='lat' dir='ltr'>Johannis</span> <span class='ocrx_word' id='word_1_301' title='bbox 1508 821 1645 866; x_wconf 87' lang='lat' dir='ltr'>filium,</span> <span class='ocrx_word' id='word_1_302' title='bbox 1674 822 1735 870; x_wconf 90' lang='lat' dir='ltr'>qui</span> <span class='ocrx_word' id='word_1_303' title='bbox 1763 823 1926 867; x_wconf 88' lang='lat' dir='ltr'>notavit,</span> <span class='ocrx_word' id='word_1_304' title='bbox 1954 823 2023 866; x_wconf 62' lang='lat' dir='ltr'>miq</span> 
     </span>
     <span class='ocr_line' id='line_1_66' title="bbox 1263 873 1920 917; baseline 0.003 -9"><span class='ocrx_word' id='word_1_305' title='bbox 1263 900 1287 917; x_wconf 89' lang='lat'>„</span> <span class='ocrx_word' id='word_1_306' title='bbox 1315 873 1411 908; x_wconf 87' lang='lat' dir='ltr'>nime</span> <span class='ocrx_word' id='word_1_307' title='bbox 1439 873 1554 908; x_wconf 90' lang='lat' dir='ltr'>credas</span> <span class='ocrx_word' id='word_1_308' title='bbox 1582 874 1771 908; x_wconf 81' lang='lat' dir='ltr'>mentitum</span> <span class='ocrx_word' id='word_1_309' title='bbox 1800 873 1920 910; x_wconf 81' lang='lat' dir='ltr'>fuisse.</span> 
     </span>
    </p>
   </div>
   <div class='ocr_carea' id='block_1_19' title="bbox 1450 949 1835 996">
    <p class='ocr_par' dir='ltr' id='par_1_22' title="bbox 1450 949 1835 996">
     <span class='ocr_line' id='line_1_67' title="bbox 1450 949 1835 996; baseline -0.003 -12"><span class='ocrx_word' id='word_1_310' title='bbox 1450 951 1611 996; x_wconf 83' lang='lat' dir='ltr'>Equorum</span> <span class='ocrx_word' id='word_1_311' title='bbox 1637 951 1658 983; x_wconf 75' lang='grc' dir='ltr'>ιὶ</span> <span class='ocrx_word' id='word_1_312' title='bbox 1679 949 1815 994; x_wconf 75' lang='lat' dir='ltr'>fizrcinis</span> <span class='ocrx_word' id='word_1_313' title='bbox 1825 975 1835 984; x_wconf 89' lang='lat'>.</span> 
     </span>
    </p>
   </div>
   <div class='ocr_carea' id='block_1_20' title="bbox 1266 1024 2024 1323">
    <p class='ocr_par' dir='ltr' id='par_1_23' title="bbox 1266 1024 2024 1323">
     <span class='ocr_line' id='line_1_68' title="bbox 1316 1024 2024 1073; baseline 0 -13"><span class='ocrx_word' id='word_1_314' title='bbox 1316 1051 1340 1069; x_wconf 93' lang='lat'>‚,</span> <span class='ocrx_word' id='word_1_315' title='bbox 1367 1026 1610 1061; x_wconf 82' lang='lat' dir='ltr'><strong>MCCCXLI.</strong></span> <span class='ocrx_word' id='word_1_316' title='bbox 1631 1025 1751 1060; x_wconf 88' lang='lat' dir='ltr'>Idibus</span> <span class='ocrx_word' id='word_1_317' title='bbox 1777 1024 1940 1073; x_wconf 86' lang='lat' dir='ltr'>Aprilis,</span> <span class='ocrx_word' id='word_1_318' title='bbox 1961 1026 2024 1060; x_wconf 90' lang='lat' dir='ltr'>Pe-</span> 
     </span>
     <span class='ocr_line' id='line_1_69' title="bbox 1266 1074 2022 1123; baseline 0 -13"><span class='ocrx_word' id='word_1_319' title='bbox 1266 1102 1290 1120; x_wconf 92' lang='lat'>„</span> <span class='ocrx_word' id='word_1_320' title='bbox 1318 1075 1494 1123; x_wconf 85' lang='lat' dir='ltr'>regrinum</span> <span class='ocrx_word' id='word_1_321' title='bbox 1537 1075 1690 1111; x_wconf 86' lang='lat' dir='ltr'>Martini</span> <span class='ocrx_word' id='word_1_322' title='bbox 1732 1076 1864 1110; x_wconf 89' lang='lat' dir='ltr'>Fenani</span> <span class='ocrx_word' id='word_1_323' title='bbox 1906 1074 2022 1110; x_wconf 87' lang='lat' dir='ltr'>filium</span> 
     </span>
     <span class='ocr_line' id='line_1_70' title="bbox 1266 1124 2024 1171; baseline 0.001 -12"><span class='ocrx_word' id='word_1_324' title='bbox 1266 1151 1289 1169; x_wconf 93' lang='lat'>„</span> <span class='ocrx_word' id='word_1_325' title='bbox 1317 1127 1429 1161; x_wconf 88' lang='lat' dir='ltr'>tribus</span> <span class='ocrx_word' id='word_1_326' title='bbox 1456 1125 1573 1160; x_wconf 83' lang='lat' dir='ltr'>fundis</span> <span class='ocrx_word' id='word_1_327' title='bbox 1608 1125 1646 1159; x_wconf 86' lang='lat' dir='ltr'>in</span> <span class='ocrx_word' id='word_1_328' title='bbox 1683 1126 1814 1171; x_wconf 72' lang='lat' dir='ltr'>Agello</span> <span class='ocrx_word' id='word_1_329' title='bbox 1851 1124 1923 1161; x_wconf 88' lang='lat' dir='ltr'>fitis</span> <span class='ocrx_word' id='word_1_330' title='bbox 1964 1138 2024 1160; x_wconf 85' lang='lat' dir='ltr'>au-</span> 
     </span>
     <span class='ocr_line' id='line_1_71' title="bbox 1266 1173 2022 1221; baseline -0.004 -10"><span class='ocrx_word' id='word_1_331' title='bbox 1266 1203 1289 1220; x_wconf 91' lang='lat'><strong>„</strong></span> <span class='ocrx_word' id='word_1_332' title='bbox 1318 1175 1414 1211; x_wconf 68' lang='lat' dir='ltr'>&amp;um</span> <span class='ocrx_word' id='word_1_333' title='bbox 1441 1175 1560 1219; x_wconf 71' lang='lat' dir='ltr'>fuisse,</span> <span class='ocrx_word' id='word_1_334' title='bbox 1599 1175 1694 1221; x_wconf 77' lang='lat' dir='ltr'>cujus</span> <span class='ocrx_word' id='word_1_335' title='bbox 1733 1173 1841 1209; x_wconf 84' lang='lat' dir='ltr'>Feudi</span> <span class='ocrx_word' id='word_1_336' title='bbox 1877 1174 2022 1209; x_wconf 87' lang='lat' dir='ltr'>nomine</span> 
     </span>
     <span class='ocr_line' id='line_1_72' title="bbox 1266 1223 2022 1272; baseline -0.003 -11"><span class='ocrx_word' id='word_1_337' title='bbox 1266 1253 1289 1270; x_wconf 81' lang='lat'>‚‚</span> <span class='ocrx_word' id='word_1_338' title='bbox 1319 1225 1493 1269; x_wconf 86' lang='lat' dir='ltr'>Praesuli,</span> <span class='ocrx_word' id='word_1_339' title='bbox 1521 1224 1659 1272; x_wconf 87' lang='lat' dir='ltr'>quoties</span> <span class='ocrx_word' id='word_1_340' title='bbox 1682 1223 1958 1271; x_wconf 80' lang='lat' dir='ltr'>proficisceretur</span> <span class='ocrx_word' id='word_1_341' title='bbox 1979 1225 2022 1259; x_wconf 85' lang='lat' dir='ltr'>ad</span> 
     </span>
     <span class='ocr_line' id='line_1_73' title="bbox 1267 1274 2023 1323; baseline -0.001 -13"><span class='ocrx_word' id='word_1_342' title='bbox 1267 1303 1289 1319; x_wconf 91' lang='lat'><strong>„</strong></span> <span class='ocrx_word' id='word_1_343' title='bbox 1319 1274 1543 1323; x_wconf 84' lang='lat' dir='ltr'>Imperatoris</span> <span class='ocrx_word' id='word_1_344' title='bbox 1570 1274 1716 1310; x_wconf 87' lang='lat' dir='ltr'>Curiam</span> <span class='ocrx_word' id='word_1_345' title='bbox 1733 1302 1742 1318; x_wconf 91' lang='lat'>‚</span> <span class='ocrx_word' id='word_1_346' title='bbox 1771 1288 1898 1322; x_wconf 86' lang='lat' dir='ltr'>equum</span> <span class='ocrx_word' id='word_1_347' title='bbox 1927 1287 2023 1310; x_wconf 89' lang='lat' dir='ltr'>com-</span> 
     </span>
    </p>
   </div>
   <div class='ocr_carea' id='block_1_21' title="bbox 1233 1325 2024 1373">
    <p class='ocr_par' dir='ltr' id='par_1_24' title="bbox 1233 1325 2024 1373">
     <span class='ocr_line' id='line_1_74' title="bbox 1233 1325 2024 1373; baseline 0 -13"><span class='ocrx_word' id='word_1_348' title='bbox 1233 1342 1234 1357; x_wconf 71' lang='lat'>:</span> <span class='ocrx_word' id='word_1_349' title='bbox 1266 1353 1289 1370; x_wconf 90' lang='lat'>‚‚</span> <span class='ocrx_word' id='word_1_350' title='bbox 1318 1325 1458 1360; x_wconf 89' lang='lat' dir='ltr'>modare</span> <span class='ocrx_word' id='word_1_351' title='bbox 1494 1334 1695 1368; x_wconf 88' lang='lat' dir='ltr'>teneretur,</span> <span class='ocrx_word' id='word_1_352' title='bbox 1733 1325 1794 1372; x_wconf 84' lang='lat' dir='ltr'>qui</span> <span class='ocrx_word' id='word_1_353' title='bbox 1835 1334 1909 1360; x_wconf 90' lang='lat' dir='ltr'>tum</span> <span class='ocrx_word' id='word_1_354' title='bbox 1948 1338 2024 1373; x_wconf 88' lang='lat' dir='ltr'>pre-</span> 
     </span>
    </p>
   </div>
   <div class='ocr_carea' id='block_1_22' title="bbox 1266 1374 2023 1474">
    <p class='ocr_par' dir='ltr' id='par_1_25' title="bbox 1266 1374 2023 1474">
     <span class='ocr_line' id='line_1_75' title="bbox 1266 1374 2023 1420; baseline -0.001 -9"><span class='ocrx_word' id='word_1_355' title='bbox 1266 1403 1289 1420; x_wconf 85' lang='lat'>„</span> <span class='ocrx_word' id='word_1_356' title='bbox 1317 1376 1370 1411; x_wconf 89' lang='lat' dir='ltr'>tio</span> <span class='ocrx_word' id='word_1_357' title='bbox 1398 1375 1622 1411; x_wconf 85' lang='lat' dir='ltr'>Marcharum</span> <span class='ocrx_word' id='word_1_358' title='bbox 1651 1375 1730 1418; x_wconf 82' lang='lat' dir='ltr'>sex,</span> <span class='ocrx_word' id='word_1_359' title='bbox 1771 1385 1845 1411; x_wconf 87' lang='lat' dir='ltr'>tum</span> <span class='ocrx_word' id='word_1_360' title='bbox 1874 1374 2023 1410; x_wconf 83' lang='lat' dir='ltr'>ferendis</span> 
     </span>
     <span class='ocr_line' id='line_1_76' title="bbox 1266 1424 2023 1474; baseline -0.003 -13"><span class='ocrx_word' id='word_1_361' title='bbox 1266 1453 1289 1469; x_wconf 87' lang='lat'>‚,</span> <span class='ocrx_word' id='word_1_362' title='bbox 1317 1425 1460 1461; x_wconf 84' lang='lat' dir='ltr'>sarcinis</span> <span class='ocrx_word' id='word_1_363' title='bbox 1487 1431 1526 1461; x_wconf 80' lang='lat' dir='ltr'>ac</span> <span class='ocrx_word' id='word_1_364' title='bbox 1553 1426 1740 1462; x_wconf 86' lang='lat' dir='ltr'>referendis</span> <span class='ocrx_word' id='word_1_365' title='bbox 1768 1438 1827 1474; x_wconf 89' lang='lat' dir='ltr'>par</span> <span class='ocrx_word' id='word_1_366' title='bbox 1855 1426 1919 1460; x_wconf 84' lang='lat' dir='ltr'>effe</span> <span class='ocrx_word' id='word_1_367' title='bbox 1946 1424 2023 1472; x_wconf 88' lang='lat' dir='ltr'>pos-</span> 
     </span>
    </p>
   </div>
   <div class='ocr_carea' id='block_1_23' title="bbox 1265 1473 2024 1567">
    <p class='ocr_par' dir='ltr' id='par_1_26' title="bbox 1265 1473 2024 1567">
     <span class='ocr_line' id='line_1_77' title="bbox 1265 1473 2024 1519; baseline 0 -9"><span class='ocrx_word' id='word_1_368' title='bbox 1265 1502 1288 1518; x_wconf 80' lang='lat'><strong>„</strong></span> <span class='ocrx_word' id='word_1_369' title='bbox 1317 1475 1390 1519; x_wconf 89' lang='lat' dir='ltr'>set,</span> <span class='ocrx_word' id='word_1_370' title='bbox 1418 1477 1634 1512; x_wconf 88' lang='lat' dir='ltr'>Gubertinus</span> <span class='ocrx_word' id='word_1_371' title='bbox 1662 1476 1755 1511; x_wconf 89' lang='lat' dir='ltr'>idem</span> <span class='ocrx_word' id='word_1_372' title='bbox 1793 1476 1912 1511; x_wconf 84' lang='lat' dir='ltr'>Scriba</span> <span class='ocrx_word' id='word_1_373' title='bbox 1939 1473 2024 1510; x_wconf 80' lang='lat' dir='ltr'>clas-</span> 
     </span>
     <span class='ocr_line' id='line_1_78' title="bbox 1265 1524 1668 1567; baseline 0.007 -10"><span class='ocrx_word' id='word_1_374' title='bbox 1265 1549 1289 1567; x_wconf 94' lang='lat'>„</span> <span class='ocrx_word' id='word_1_375' title='bbox 1316 1524 1401 1558; x_wconf 87' lang='lat' dir='ltr'>ficus</span> <span class='ocrx_word' id='word_1_376' title='bbox 1428 1538 1499 1558; x_wconf 88' lang='lat' dir='ltr'>non</span> <span class='ocrx_word' id='word_1_377' title='bbox 1525 1525 1668 1560; x_wconf 82' lang='lat' dir='ltr'>omifit.</span> 
     </span>
    </p>
   </div>
   <div class='ocr_carea' id='block_1_24' title="bbox 1502 1599 1796 1646">
    <p class='ocr_par' dir='ltr' id='par_1_27' title="bbox 1502 1599 1796 1646">
     <span class='ocr_line' id='line_1_79' title="bbox 1502 1599 1796 1646; baseline 0.01 -15"><span class='ocrx_word' id='word_1_378' title='bbox 1502 1601 1530 1632; x_wconf 92' lang='lat' dir='ltr'><strong><em>C</em></strong></span> <span class='ocrx_word' id='word_1_379' title='bbox 1530 1599 1776 1646; x_wconf 79' lang='lat' dir='ltr'>arpentart&#39;orum</span> <span class='ocrx_word' id='word_1_380' title='bbox 1787 1625 1796 1634; x_wconf 90' lang='lat'><strong><em>.</em></strong></span> 
     </span>
    </p>
   </div>
   <div class='ocr_carea' id='block_1_25' title="bbox 1266 1673 2027 1972">
    <p class='ocr_par' dir='ltr' id='par_1_28' title="bbox 1266 1673 2027 1972">
     <span class='ocr_line' id='line_1_80' title="bbox 1317 1673 2027 1718; baseline 0.003 -9"><span class='ocrx_word' id='word_1_381' title='bbox 1317 1701 1341 1718; x_wconf 94' lang='lat'>,‚</span> <span class='ocrx_word' id='word_1_382' title='bbox 1362 1675 1620 1710; x_wconf 86' lang='lat' dir='ltr'>MCCCXXX.</span> <span class='ocrx_word' id='word_1_383' title='bbox 1636 1673 1875 1710; x_wconf 80' lang='lat' dir='ltr'>decimosexto</span> <span class='ocrx_word' id='word_1_384' title='bbox 1897 1676 2027 1711; x_wconf 58' lang='lat' dir='ltr'>Calena</span> 
     </span>
     <span class='ocr_line' id='line_1_81' title="bbox 1266 1725 2024 1769; baseline 0.001 -9"><span class='ocrx_word' id='word_1_385' title='bbox 1266 1752 1290 1768; x_wconf 87' lang='lat'>,‚</span> <span class='ocrx_word' id='word_1_386' title='bbox 1318 1726 1377 1760; x_wconf 85' lang='lat' dir='ltr'>das</span> <span class='ocrx_word' id='word_1_387' title='bbox 1414 1725 1567 1769; x_wconf 88' lang='lat' dir='ltr'>Martii,</span> <span class='ocrx_word' id='word_1_388' title='bbox 1609 1726 1783 1761; x_wconf 88' lang='lat' dir='ltr'>Concium</span> <span class='ocrx_word' id='word_1_389' title='bbox 1822 1726 2024 1762; x_wconf 89' lang='lat' dir='ltr'>Civitaten-</span> 
     </span>
     <span class='ocr_line' id='line_1_82' title="bbox 1266 1775 2024 1820; baseline 0 -10"><span class='ocrx_word' id='word_1_390' title='bbox 1266 1802 1290 1820; x_wconf 96' lang='lat'><strong>„</strong></span> <span class='ocrx_word' id='word_1_391' title='bbox 1318 1775 1387 1810; x_wconf 90' lang='lat' dir='ltr'>sem</span> <span class='ocrx_word' id='word_1_392' title='bbox 1416 1778 1605 1811; x_wconf 83' lang='lat' dir='ltr'>Fornacem</span> <span class='ocrx_word' id='word_1_393' title='bbox 1642 1776 1829 1811; x_wconf 74' lang='lat' dir='ltr'>obtinuisse</span> <span class='ocrx_word' id='word_1_394' title='bbox 1856 1776 1892 1811; x_wconf 91' lang='lat' dir='ltr'>in</span> <span class='ocrx_word' id='word_1_395' title='bbox 1922 1775 2024 1810; x_wconf 87' lang='lat' dir='ltr'>Rivi-</span> 
     </span>
     <span class='ocr_line' id='line_1_83' title="bbox 1267 1825 2023 1875; baseline -0.001 -15"><span class='ocrx_word' id='word_1_396' title='bbox 1267 1853 1291 1870; x_wconf 90' lang='lat'><strong>„</strong></span> <span class='ocrx_word' id='word_1_397' title='bbox 1319 1839 1428 1875; x_wconf 82' lang='lat' dir='ltr'>gnaco</span> <span class='ocrx_word' id='word_1_398' title='bbox 1449 1827 1522 1874; x_wconf 82' lang='lat' dir='ltr'>jure</span> <span class='ocrx_word' id='word_1_399' title='bbox 1542 1826 1785 1860; x_wconf 85' lang='lat' dir='ltr'>Ministerialis</span> <span class='ocrx_word' id='word_1_400' title='bbox 1806 1825 1913 1860; x_wconf 74' lang='lat' dir='ltr'>feudi</span> <span class='ocrx_word' id='word_1_401' title='bbox 1936 1827 2023 1860; x_wconf 83' lang='lat' dir='ltr'>Car-</span> 
     </span>
     <span class='ocr_line' id='line_1_84' title="bbox 1268 1874 2022 1924; baseline -0.001 -13"><span class='ocrx_word' id='word_1_402' title='bbox 1268 1904 1291 1921; x_wconf 94' lang='lat'><strong>„</strong></span> <span class='ocrx_word' id='word_1_403' title='bbox 1319 1879 1554 1924; x_wconf 84' lang='lat' dir='ltr'>pentariorum</span> <span class='ocrx_word' id='word_1_404' title='bbox 1592 1874 1762 1909; x_wconf 73' lang='lat' dir='ltr'>Ecclesiae</span> <span class='ocrx_word' id='word_1_405' title='bbox 1805 1875 2022 1910; x_wconf 85' lang='lat' dir='ltr'>Patriarcha-</span> 
     </span>
     <span class='ocr_line' id='line_1_85' title="bbox 1267 1923 2019 1972; baseline -0.001 -11"><span class='ocrx_word' id='word_1_406' title='bbox 1267 1955 1291 1972; x_wconf 92' lang='lat'><strong>„</strong></span> <span class='ocrx_word' id='word_1_407' title='bbox 1318 1927 1386 1971; x_wconf 82' lang='lat' dir='ltr'>lis,</span> <span class='ocrx_word' id='word_1_408' title='bbox 1416 1926 1594 1961; x_wconf 84' lang='lat' dir='ltr'>Antonius</span> <span class='ocrx_word' id='word_1_409' title='bbox 1621 1923 1847 1960; x_wconf 78' lang='lat' dir='ltr'>Civitatenfis</span> <span class='ocrx_word' id='word_1_410' title='bbox 1875 1925 2019 1961; x_wconf 83' lang='lat' dir='ltr'>retulit.</span> 
     </span>
    </p>
   </div>
   <div class='ocr_carea' id='block_1_26' title="bbox 1267 1974 2023 2528">
    <p class='ocr_par' dir='ltr' id='par_1_29' title="bbox 1267 1974 2022 2318">
     <span class='ocr_line' id='line_1_86' title="bbox 1319 1974 2021 2022; baseline -0.003 -9"><span class='ocrx_word' id='word_1_411' title='bbox 1319 2005 1342 2022; x_wconf 92' lang='lat'>„</span> <span class='ocrx_word' id='word_1_412' title='bbox 1379 1978 1635 2012; x_wconf 79' lang='lat' dir='ltr'><strong>MCCCXXX.</strong></span> <span class='ocrx_word' id='word_1_413' title='bbox 1677 1974 1802 2022; x_wconf 84' lang='lat' dir='ltr'>quinto</span> <span class='ocrx_word' id='word_1_414' title='bbox 1848 1976 2021 2011; x_wconf 78' lang='lat' dir='ltr'>calendas</span> 
     </span>
     <span class='ocr_line' id='line_1_87' title="bbox 1268 2026 2020 2074; baseline -0.004 -10"><span class='ocrx_word' id='word_1_415' title='bbox 1268 2056 1292 2074; x_wconf 88' lang='lat'><strong>„</strong></span> <span class='ocrx_word' id='word_1_416' title='bbox 1319 2028 1494 2072; x_wconf 70' lang='lat' dir='ltr'>januarii,</span> <span class='ocrx_word' id='word_1_417' title='bbox 1515 2027 1646 2062; x_wconf 87' lang='lat' dir='ltr'>Silvam</span> <span class='ocrx_word' id='word_1_418' title='bbox 1668 2026 1864 2074; x_wconf 83' lang='lat' dir='ltr'>Rubignaci</span> <span class='ocrx_word' id='word_1_419' title='bbox 1881 2027 1917 2061; x_wconf 88' lang='lat' dir='ltr'>in</span> <span class='ocrx_word' id='word_1_420' title='bbox 1934 2028 2020 2061; x_wconf 90' lang='lat' dir='ltr'>Col-</span> 
     </span>
     <span class='ocr_line' id='line_1_88' title="bbox 1267 2075 2022 2125; baseline -0.008 -9"><span class='ocrx_word' id='word_1_421' title='bbox 1267 2108 1291 2125; x_wconf 90' lang='lat'><strong>„</strong></span> <span class='ocrx_word' id='word_1_422' title='bbox 1319 2082 1351 2115; x_wconf 88' lang='lat' dir='ltr'>le</span> <span class='ocrx_word' id='word_1_423' title='bbox 1379 2079 1540 2114; x_wconf 83' lang='lat' dir='ltr'>Gandino</span> <span class='ocrx_word' id='word_1_424' title='bbox 1568 2078 1585 2110; x_wconf 69' lang='lat' dir='ltr'>a</span> <span class='ocrx_word' id='word_1_425' title='bbox 1614 2077 1761 2124; x_wconf 80' lang='lat' dir='ltr'>quodam</span> <span class='ocrx_word' id='word_1_426' title='bbox 1789 2086 1918 2111; x_wconf 82' lang='lat' dir='ltr'>emtam</span> <span class='ocrx_word' id='word_1_427' title='bbox 1939 2075 2022 2111; x_wconf 81' lang='lat' dir='ltr'>fuis-</span> 
     </span>
     <span class='ocr_line' id='line_1_89' title="bbox 1268 2127 2021 2178; baseline -0.005 -11"><span class='ocrx_word' id='word_1_428' title='bbox 1268 2159 1291 2177; x_wconf 84' lang='lat'><strong>„</strong></span> <span class='ocrx_word' id='word_1_429' title='bbox 1320 2130 1352 2166; x_wconf 89' lang='lat' dir='ltr'>se</span> <span class='ocrx_word' id='word_1_430' title='bbox 1380 2132 1451 2178; x_wconf 85' lang='lat' dir='ltr'>jure</span> <span class='ocrx_word' id='word_1_431' title='bbox 1477 2127 1665 2163; x_wconf 83' lang='lat' dir='ltr'>Ministerii</span> <span class='ocrx_word' id='word_1_432' title='bbox 1683 2154 1692 2170; x_wconf 91' lang='lat'>,</span> <span class='ocrx_word' id='word_1_433' title='bbox 1721 2141 1790 2174; x_wconf 91' lang='lat' dir='ltr'>quo</span> <span class='ocrx_word' id='word_1_434' title='bbox 1818 2127 1905 2162; x_wconf 85' lang='lat' dir='ltr'>sarta</span> <span class='ocrx_word' id='word_1_435' title='bbox 1925 2136 2021 2163; x_wconf 85' lang='lat' dir='ltr'>tene-</span> 
     </span>
     <span class='ocr_line' id='line_1_90' title="bbox 1269 2177 2017 2227; baseline -0.007 -10"><span class='ocrx_word' id='word_1_436' title='bbox 1269 2210 1292 2227; x_wconf 87' lang='lat'><strong>„</strong></span> <span class='ocrx_word' id='word_1_437' title='bbox 1319 2190 1372 2217; x_wconf 86' lang='lat' dir='ltr'>ret</span> <span class='ocrx_word' id='word_1_438' title='bbox 1398 2179 1584 2226; x_wconf 86' lang='lat' dir='ltr'>diligenter</span> <span class='ocrx_word' id='word_1_439' title='bbox 1614 2177 1863 2213; x_wconf 76' lang='lat' dir='ltr'>patriarchalia</span> <span class='ocrx_word' id='word_1_440' title='bbox 1900 2178 2017 2222; x_wconf 51' lang='lat' dir='ltr'>tesia,</span> 
     </span>
     <span class='ocr_line' id='line_1_91' title="bbox 1268 2227 2020 2281; baseline -0.003 -15"><span class='ocrx_word' id='word_1_441' title='bbox 1268 2261 1292 2278; x_wconf 85' lang='lat'>„</span> <span class='ocrx_word' id='word_1_442' title='bbox 1320 2240 1414 2281; x_wconf 72' lang='lat' dir='ltr'>patet</span> <span class='ocrx_word' id='word_1_443' title='bbox 1456 2242 1499 2264; x_wconf 79' lang='lat' dir='ltr'>ex</span> <span class='ocrx_word' id='word_1_444' title='bbox 1540 2227 1643 2263; x_wconf 50' lang='lat' dir='ltr'>Affinis</span> <span class='ocrx_word' id='word_1_445' title='bbox 1691 2228 1835 2264; x_wconf 71' lang='lat' dir='ltr'>Nicolai</span> <span class='ocrx_word' id='word_1_446' title='bbox 1880 2228 2020 2264; x_wconf 81' lang='lat' dir='ltr'>Civita-</span> 
     </span>
     <span class='ocr_line' id='line_1_92' title="bbox 1319 2280 1443 2318; baseline -0.032 0"><span class='ocrx_word' id='word_1_447' title='bbox 1319 2280 1417 2318; x_wconf 81' lang='lat' dir='ltr'>tenfis</span> <span class='ocrx_word' id='word_1_448' title='bbox 1434 2306 1443 2315; x_wconf 83' lang='lat'><strong>.</strong></span> 
     </span>
    </p>

    <p class='ocr_par' dir='ltr' id='par_1_30' title="bbox 1267 2329 2023 2528">
     <span class='ocr_line' id='line_1_93' title="bbox 1318 2329 2020 2378; baseline -0.003 -12"><span class='ocrx_word' id='word_1_449' title='bbox 1318 2359 1342 2377; x_wconf 87' lang='lat'>‚,</span> <span class='ocrx_word' id='word_1_450' title='bbox 1368 2331 1644 2366; x_wconf 79' lang='lat' dir='ltr'><strong>MCCCXXXI.</strong></span> <span class='ocrx_word' id='word_1_451' title='bbox 1683 2329 1809 2378; x_wconf 86' lang='lat' dir='ltr'>quinto</span> <span class='ocrx_word' id='word_1_452' title='bbox 1849 2329 2020 2365; x_wconf 86' lang='lat' dir='ltr'>Calendas</span> 
     </span>
     <span class='ocr_line' id='line_1_94' title="bbox 1267 2380 2023 2429; baseline -0.004 -12"><span class='ocrx_word' id='word_1_453' title='bbox 1267 2411 1290 2429; x_wconf 81' lang='lat'>‚,</span> <span class='ocrx_word' id='word_1_454' title='bbox 1317 2381 1425 2426; x_wconf 89' lang='lat' dir='ltr'>Julii,</span> <span class='ocrx_word' id='word_1_455' title='bbox 1452 2381 1593 2416; x_wconf 78' lang='lat' dir='ltr'>Danieli</span> <span class='ocrx_word' id='word_1_456' title='bbox 1615 2381 1781 2428; x_wconf 87' lang='lat' dir='ltr'>Squarcio</span> <span class='ocrx_word' id='word_1_457' title='bbox 1801 2380 2023 2428; x_wconf 80' lang='lat' dir='ltr'>Gruppigna-</span> 
     </span>
     <span class='ocr_line' id='line_1_95' title="bbox 1268 2431 2021 2480; baseline -0.003 -13"><span class='ocrx_word' id='word_1_458' title='bbox 1268 2462 1292 2480; x_wconf 85' lang='lat'>‚,</span> <span class='ocrx_word' id='word_1_459' title='bbox 1319 2433 1380 2468; x_wconf 91' lang='lat' dir='ltr'>nio</span> <span class='ocrx_word' id='word_1_460' title='bbox 1416 2432 1599 2479; x_wconf 66' lang='lat' dir='ltr'>quemdam</span> <span class='ocrx_word' id='word_1_461' title='bbox 1638 2432 1789 2479; x_wconf 75' lang='lat' dir='ltr'>agellum</span> <span class='ocrx_word' id='word_1_462' title='bbox 1825 2431 1863 2466; x_wconf 87' lang='lat' dir='ltr'>in</span> <span class='ocrx_word' id='word_1_463' title='bbox 1897 2431 2021 2465; x_wconf 85' lang='lat' dir='ltr'>Tolla-</span> 
     </span>
     <span class='ocr_line' id='line_1_96' title="bbox 1270 2481 2021 2528; baseline -0.001 -10"><span class='ocrx_word' id='word_1_464' title='bbox 1270 2512 1293 2528; x_wconf 79' lang='lat'><strong>„</strong></span> <span class='ocrx_word' id='word_1_465' title='bbox 1321 2496 1366 2518; x_wconf 89' lang='lat' dir='ltr'>no</span> <span class='ocrx_word' id='word_1_466' title='bbox 1392 2482 1428 2517; x_wconf 91' lang='lat' dir='ltr'>in</span> <span class='ocrx_word' id='word_1_467' title='bbox 1458 2483 1549 2518; x_wconf 86' lang='lat' dir='ltr'>Vico</span> <span class='ocrx_word' id='word_1_468' title='bbox 1576 2482 1778 2518; x_wconf 88' lang='lat' dir='ltr'>Molendini</span> <span class='ocrx_word' id='word_1_469' title='bbox 1796 2509 1806 2526; x_wconf 92' lang='lat'>,</span> <span class='ocrx_word' id='word_1_470' title='bbox 1835 2481 2021 2517; x_wconf 75' lang='lat' dir='ltr'>Dominici</span> 
     </span>
    </p>
   </div>
   <div class='ocr_carea' id='block_1_27' title="bbox 1270 2532 2019 2627">
    <p class='ocr_par' dir='ltr' id='par_1_31' title="bbox 1270 2532 2019 2627">
     <span class='ocr_line' id='line_1_97' title="bbox 1270 2532 2019 2618; baseline -0.007 -48"><span class='ocrx_word' id='word_1_471' title='bbox 1270 2562 1294 2580; x_wconf 94' lang='lat'><strong>„</strong></span> <span class='ocrx_word' id='word_1_472' title='bbox 1321 2533 1471 2582; x_wconf 81' lang='lat' dir='ltr'>Cepperi</span> <span class='ocrx_word' id='word_1_473' title='bbox 1516 2532 1624 2570; x_wconf 88' lang='lat' dir='ltr'>titulo</span> <span class='ocrx_word' id='word_1_474' title='bbox 1675 2532 1784 2570; x_wconf 83' lang='lat' dir='ltr'>Feudi</span> <span class='ocrx_word' id='word_1_475' title='bbox 1829 2532 2019 2618; x_wconf 63' lang='lat' dir='ltr'>Fabrlorum</span> 
     </span>
     <span class='ocr_line' id='line_1_98' title="bbox 1856 2594 1971 2627; baseline -0.017 0"><span class='ocrx_word' id='word_1_476' title='bbox 1856 2609 1880 2627; x_wconf 72' lang='grc' dir='ltr'><strong><em>υ</em></strong></span> <span class='ocrx_word' id='word_1_477' title='bbox 1943 2594 1971 2625; x_wconf 70' lang='lat'>1!</span> 
     </span>
    </p>
   </div>
   <div class='ocr_carea' id='block_1_28' title="bbox 1267 2311 1291 2328">
    <p class='ocr_par' dir='ltr' id='par_1_32' title="bbox 1267 2311 1291 2328">
     <span class='ocr_line' id='line_1_99' title="bbox 1267 2311 1291 2328; baseline -0.042 0"><span class='ocrx_word' id='word_1_478' title='bbox 1267 2311 1291 2328; x_wconf 73' lang='lat'>’5</span> 
     </span>
    </p>
   </div>
  </div>
 </body>
</html>
