2185 3027
373 217 456 258 447
666 203 1051 265 ANTIQUIT.
1120 204 1351 249 MEDII
1413 207 1590 251 AEVI
1800 214 1886 267 448

315 258 455 300 testatem
482 261 596 297 habeat
615 265 772 299 Dominus
795 267 996 301 Camerarius
1017 280 1074 300 an·
1112 265 1160 313 ΑΞ
1183 267 1404 311 pertinentiis.
1431 270 1469 302 In
1497 282 1554 315 quo
1583 268 1779 303 continentur
1799 274 1859 304 duo
1881 271 1948 307 alia

316 311 481 356 tediffus,
523 314 678 355 Ecclesiae
717 320 880 351 Romanae
922 317 1044 351 nomine
1066 342 1075 357 ‚

313 361 492 406 praefatum
526 364 668 407 Castrum
694 379 760 400 cum
781 367 851 412 suis
873 366 1076 414 pertinentiis

316 421 353 444 m·
371 412 490 447 dicium
511 414 551 457 est
567 443 577 458 ‚
598 425 697 450 tenere
714 444 724 460 ,
747 417 865 452 intrare
880 445 889 460 ,
914 417 983 460 uti,
1004 426 1074 463 per-

311 461 407 506 frui,
433 465 580 511 poffidere
597 493 607 510 ‚
648 469 802 511 vendere,
837 470 953 501 donare
971 494 981 511 ‚
1007 477 1074 513 per-

316 525 437 548 mutare
452 542 463 557 ,
505 516 602 550 locare
617 544 627 559 ‚
670 518 830 561 infeudare
850 544 860 561 ,
902 518 946 550 <9¹
975 517 1077 560 facere

315 564 473 612 quidquid
491 565 558 607 sibi
590 568 744 614 placuerit
778 569 873 602 libere
901 568 933 601 in
970 578 1072 614 perpe-

314 625 425 649 tuum.
463 617 654 651 Promittens
691 618 784 652 Civis
820 618 1076 665 praenominatus

316 667 440 700 Domno
476 668 656 703 Camerario
689 668 893 715 supradifio,
921 667 1076 709 Ecclesiae

315 719 482 752 Romanae
509 719 651 763 nomine,
693 729 728 752 ut
753 719 871 753 diflum
897 718 965 762 est,
1001 719 1073 753 reci-

313 766 440 813 pienti,
465 769 642 814 praefatum
673 770 816 810 Castrum
842 783 908 804 cum
935 769 1076 804 omnihus

309 817 528 864 supradiciis,
566 820 607 852 Θ·
629 818 685 864 jus
724 819 767 852 &
801 820 962 863 ustiones,
999 833 1077 867 quae

314 867 351 901 in
379 867 453 914 ipsis
479 868 614 911 habuit,
647 868 681 912 se
721 870 805 904 nulli
839 871 899 906 alii
933 869 1075 916 dediffe,

315 917 492 961 vendidiffe
509 945 518 961 ,
546 918 689 964 donaffe‚
710 919 817 967 ceffiffe
832 948 842 965 ‚
863 919 1010 968 obligaffe
1034 922 1076 954 (9‘

314 966 474 1012 eonceſjiffe
490 995 499 1012 ,
526 969 581 1002 vel
615 969 752 1017 aliquem
793 986 829 1006 ex
866 971 938 1018 ipsis
981 971 1078 1006 alicui

314 1017 504 1052 contrabium
525 1018 629 1064 secisse
645 1047 654 1055 .
682 1022 780 1067 ,Quod
806 1022 840 1064 si
865 1022 1048 1069 apparuerit
1066 1049 1075 1066 ,

308 1066 345 1112 se
371 1078 476 1103 contra
499 1069 627 1115 seczffe,
657 1072 699 1104 &
735 1072 803 1119 ipsa
840 1077 987 1108 Romana
1014 1076 1073 1107 Ec-

314 1116 406 1157 clesia
431 1119 485 1152 vel
513 1120 588 1163 illi,
625 1122 736 1167 quibus
763 1127 909 1159 Romana
939 1122 1077 1164 Ecclesia

314 1166 499 1201 vendiderit
518 1194 529 1211 ‚
556 1179 613 1202 aut
653 1170 848 1217 concefferit‚
886 1174 920 1207 in
959 1175 1077 1208 damna

314 1216 427 1262 aliqua
454 1217 497 1250 (9¹
533 1219 678 1263 expensas
709 1221 922 1265 devenerint,
956 1223 1078 1256 nomine

311 1266 501 1313 principalis
533 1269 760 1315 obligationis,
798 1272 841 1304 &¹
869 1273 964 1306 bonae
992 1272 1076 1316 fide-

310 1315 458 1362 juffionis
495 1317 562 1364 ipsa
596 1320 714 1354 damna
748 1320 853 1356 omnia
888 1322 931 1355 &⁰
967 1333 1075 1369 expen-

312 1366 369 1412 sas
393 1367 556 1413 praefatus
582 1369 678 1403 Civis
704 1371 828 1405 reddere
854 1371 898 1406 &²
923 1372 1078 1414 restituere

315 1417 458 1463 promisit
484 1418 596 1462 eisdem
613 1445 622 1454 .
649 1422 712 1454 Pro
738 1421 850 1466 quibus
883 1423 1010 1455 damnis
1037 1423 1079 1455 (9⁶

317 1466 456 1512 expensis
475 1467 511 1510 se
538 1469 581 1501 (9‘
606 1469 710 1502 omnia
745 1471 825 1504 bona
853 1470 916 1514 sua
951 1470 1080 1504 mobilia

317 1517 362 1550 &¹
390 1517 586 1561 immobilia,
610 1518 790 1564 praesentia
817 1519 860 1553 (9‘
891 1519 1004 1563 sutura
1036 1519 1078 1553 ei-

316 1567 387 1602 dem
415 1570 536 1602 Domno
562 1569 763 1614 Camerario‚
787 1569 891 1604 diflus
916 1569 1013 1604 Civis
1037 1570 1081 1604 ad

315 1618 461 1665 praefiens
483 1629 608 1665 propter
628 1620 680 1654 hoc
695 1619 874 1666 specialiter
898 1620 1079 1667 obligavit,

317 1668 524 1712 constituens,
546 1669 581 1714 se
601 1670 766 1717 praediffa
791 1671 896 1706 omnia
919 1672 999 1706 bona
1019 1671 1081 1716 sua

318 1719 365 1752 (θ’
391 1719 544 1760 Ecclesiae
573 1724 737 1755 Romanae
757 1722 904 1765 nomine,
929 1732 1080 1768 quantum

318 1770 362 1804 ad
377 1769 450 1813 hoc,
464 1772 603 1816 precario
620 1772 785 1818 pffdere.
802 1775 850 1806 Et
870 1772 903 1807 in
922 1773 962 1806 iis
982 1773 1078 1807 omni-

319 1820 376 1854 bus
404 1821 446 1854 (J
476 1820 617 1867 singulis
650 1822 845 1869 schradicfi'is
880 1823 1081 1858 renuntiavit

315 1869 500 1917 praediHus
539 1872 696 1907 Dominus
737 1873 842 1907 Guido
881 1875 1080 1921 exceptioni,

319 1933 413 1967 quarn
432 1921 541 1968 aliquo
562 1933 694 1970 tempore
712 1924 811 1958 dicere
827 1923 922 1970 poffet
936 1952 945 1969 ,
960 1925 996 1970 se
1011 1925 1079 1971 pos-

314 1970 441 2016 seffione
469 1972 564 2018 ipsius
591 1974 696 2016 Castri
722 1973 777 2019 effe
796 1975 970 2021 spoliatum
986 2003 996 2019 ,
1023 1988 1080 2009 an-

323 2031 445 2067 tequam
473 2023 572 2069 ipsum
598 2038 664 2058 cum
685 2025 754 2068 suis
777 2025 978 2070 pertinentiis
1002 2039 1079 2059 ven-

322 2071 475 2117 didisset,
504 2074 547 2107 (9·
573 2075 657 2108 omni
679 2075 741 2109 alii
763 2074 849 2119 juris
867 2075 989 2109 auxilio
1016 2087 1081 2110 tam

324 2123 500 2167 canonici,
538 2138 632 2171 quam
667 2125 814 2169 Civilis,
851 2126 894 2160 &³
937 2125 1082 2170 beneficio

316 2172 383 2213 fibi
418 2188 498 2209 nunc
537 2176 742 2222 competenti,
776 2177 831 2210 vel
865 2176 900 2210 in
931 2177 1083 2224 posterum

325 2226 520 2271 competituro
531 2253 540 2261 .

376 2277 476 2311 Dedit
501 2277 596 2311 etiam
624 2277 668 2311 (9‘
702 2278 876 2325 affignavit
907 2278 1083 2325 praenomi-

327 2337 420 2361 natus
448 2328 603 2362 Dominus
622 2328 727 2363 Guido
746 2330 844 2363 eidem
865 2330 1000 2364 Domino
1021 2332 1082 2363 Ca-

327 2380 457 2413 merario
488 2379 724 2420 instrumentum
759 2380 957 2414 venditionis
979 2379 1084 2423 fabiae

319 2427 386 2469 fibi
411 2445 432 2463 a
449 2431 598 2474 johanne
623 2430 783 2465 Albinini
807 2433 847 2465 de
872 2430 988 2465 Carbio
1004 2457 1014 2473 ,
1042 2430 1085 2463 (9⁴

328 2492 348 2512 a
375 2481 567 2524 Radulfucio
606 2481 695 2514 Petri
734 2482 773 2515 de
813 2481 974 2516 Gualterio
996 2507 1007 2524 ‚
1046 2481 1085 2514 de

329 2528 440 2565 ossava
462 2541 554 2579 parte
588 2530 692 2574 castri
715 2531 893 2578 praediffi,
929 2545 995 2570 cum
1015 2530 1085 2577 suis

1187 316 1395 358 Instrumenta
1421 320 1631 364 comestionis,
1671 320 1920 364 confirmationis
1936 348 1947 364 ‚

1189 367 1232 400 (9⁶
1262 368 1460 412 refutationis
1489 370 1649 413 saffarum
1679 371 1777 404 eidem
1812 372 1949 406 Domino

1189 418 1330 452 Guiaoni
1355 434 1375 454 a
1400 423 1568 455 Samarono
1594 421 1756 455 Gualterii
1794 422 1833 455 de
1867 425 1948 456 Car-

1189 469 1260 513 bio,
1281 470 1321 502 (9
1342 470 1482 511 Garsilia
1501 484 1592 505 uxore
1606 471 1747 517 praefati
1765 471 1948 506 Albinini:

1191 519 1233 552 (9¹
1260 521 1414 565 quoddam
1440 521 1533 555 aliud
1560 522 1798 562 Instrumentum
1832 522 1949 556 vendi.

1189 569 1283 603 tionis
1297 570 1402 613 faflae
1422 571 1482 617 ipsi
1501 573 1634 606 Domino
1654 573 1795 605 Gnidoni
1816 587 1836 607 a
1856 576 1949 618 Ray-

1190 620 1284 654 naldo
1324 620 1366 652 (9·
1392 622 1556 664 Januario
1591 621 1679 664 filiis
1713 622 1875 664 Bonifatii
1909 623 1948 656 de

1190 670 1304 704 Carbio
1316 697 1326 713 ,
1345 671 1384 704 de
1403 670 1466 703 0530
1482 671 1629 716 partibus
1649 684 1713 704 una
1732 671 1837 712 Casiri
1856 681 1951 717 prae-

1116 716 1140 749 Β
1190 719 1343 753 nominati
1369 734 1436 754 cum
1465 721 1524 764 suo
1559 719 1714 754 territorio
1741 720 1784 753 (9‘
1820 720 1950 767 praedi-

1191 770 1271 805 Elis.
1299 772 1345 804 Et
1373 771 1613 811 Instrumentum
1640 770 1730 804 aliud
1755 770 1949 804 venditionis

1185 820 1290 864 sagae
1308 820 1467 866 praedicio
1488 821 1622 855 Domino
1642 821 1784 854 Guidoni
1809 822 1851 856 ab
1873 824 1950 856 An-

1186 871 1258 917 gelo
1277 872 1367 904 Petri
1386 871 1559 913 Gottifredi
1577 874 1616 905 de
1635 871 1749 906 Carbio
1769 885 1835 905 cum
1855 875 1948 918 Ray-

1192 922 1286 955 naldo
1322 921 1482 965 Bonifacii
1516 932 1653 956 curatore
1681 922 1766 966 suo,
1803 922 1846 955 &¹
1882 935 1949 956 cum

1191 972 1388 1007 Flormanna
1413 982 1511 1006 matre
1531 973 1613 1017 sua,
1640 973 1679 1006 de
1714 971 1827 1007 offa-oa
1857 982 1948 1019 parte

1191 1022 1285 1057 totius
1312 1023 1417 1064 Castri
1443 1026 1553 1067 Puzae
1585 1022 1763 1069 praedifii,
1791 1035 1857 1057 cum
1891 1022 1950 1067 suo

1192 1073 1344 1108 territorio
1365 1073 1408 1107 &
1427 1074 1567 1108 omnibus
1581 1072 1772 1119 supradiHis
1787 1099 1796 1107 .
1823 1075 1871 1106 Et
1897 1074 1951 1106 In-

1183 1123 1390 1165 strumentum
1416 1124 1510 1158 aliud
1544 1123 1732 1167 conceffionis
1759 1123 1801 1155 &¹
1840 1121 1951 1165 confir-

1117 1167 1147 1201 (ἶ
1191 1174 1337 1208 matianis
1361 1173 1465 1217 saetae
1491 1172 1551 1217 ipsi
1591 1172 1728 1206 Domino
1762 1171 1902 1205 Guidoni
1931 1185 1951 1205 a

1192 1225 1279 1258 Tubo
1298 1224 1375 1269 βίω
1401 1222 1565 1265 Bonifacii
1589 1222 1628 1255 de
1646 1221 1763 1256 Carbio
1787 1222 1827 1255 de
1852 1222 1952 1255 dona-

1190 1273 1272 1307 tione
1299 1275 1342 1308 &
1367 1272 1550 1307 venditione
1577 1271 1644 1312 sihi
1673 1270 1764 1315 fabia
1789 1272 1827 1305 de
1860 1281 1950 1317 parte

1185 1324 1246 1368 sua
1272 1323 1377 1365 castri
1412 1326 1520 1367 Puzae
1556 1322 1599 1356 (9⁶
1634 1321 1702 1367 ejus
1741 1321 1895 1355 territorio
1930 1335 1951 1356 a

1191 1375 1364 1420 Raynaldo
1401 1374 1443 1407 Ε’9’
1470 1374 1634 1418 Januario
1664 1372 1822 1416 fratribus
1855 1371 1949 1416 suis.

1192 1427 1283 1468 Quae
1309 1424 1518 1465 Instrumenta
1541 1423 1703 1469 praediHa
1738 1422 1842 1456 omnia
1883 1434 1953 1455 con-

1187 1473 1270 1513 feHa
1292 1473 1369 1515 funt
1387 1484 1441 1517 per
1460 1473 1698 1508 Christianum
1719 1471 1949 1508 scriniarium

1193 1519 1234 1553 de
1271 1520 1432 1554 sabinia.
1476 1523 1666 1565 Affignavit
1703 1522 1808 1567 itaque
1848 1521 1952 1556 dicius

1193 1569 1348 1604 Dominus
1374 1568 1478 1603 Guido
1505 1569 1640 1603 Domino
1676 1570 1856 1604 Camerario
1893 1583 1957 1604 me-

1119 1611 1150 1644 D
1195 1630 1310 1654 morato
1346 1619 1586 1662 Instrumentum
1623 1619 1868 1653 renuntiationis
1897 1618 1954 1665 ju-

1194 1683 1224 1704 re
1259 1669 1426 1711 divisionis
1454 1671 1496 1704 &
1522 1670 1656 1712 cambii,
1693 1670 1881 1715 conceffionis
1912 1670 1956 1703 (9⁴

1195 1720 1438 1765 confirmationis
1461 1720 1566 1764 fatiae
1585 1720 1651 1761 fibi
1676 1721 1714 1754 de
1733 1721 1840 1762 Castro
1863 1730 1956 1766 prae-

1193 1771 1275 1805 diflo
1312 1772 1354 1805 &¹
1389 1771 1456 1816 ejus
1494 1771 1646 1805 territorio
1685 1785 1706 1805 a
1738 1771 1858 1814 Iacobo
1892 1773 1953 1804 Pe-

1195 1822 1238 1856 tri
1264 1821 1436 1856 Oilaviani
1468 1832 1523 1867 pro
1552 1820 1587 1864 se
1615 1821 1658 1852 (9‘
1684 1821 1826 1853 Tedaldo
1851 1819 1954 1862 fratre

1190 1873 1269 1917 suo,
1291 1872 1333 1905 (9⁶
1361 1871 1495 1905 Odolina
1515 1882 1605 1903 uxore
1627 1872 1782 1915 quondam
1802 1868 1890 1902 Petri
1913 1873 1955 1902 Ο-

1197 1921 1342 1956 &aviani
1369 1921 1479 1955 tutrice
1493 1919 1635 1964 filiorum
1646 1920 1770 1962 suorum
1783 1945 1793 1962 ,
1810 1917 1956 1962 &filio-

1197 1986 1264 2006 rum
1301 1971 1395 2018 ipsius
1423 1971 1512 2005 Petri
1538 1968 1709 2003 Offaviani
1736 1968 1874 2015 Aegiaii
1910 1969 1954 2002 (9⁴

1198 2022 1388 2065 Laurentii,
1417 2021 1459 2054 δ’
1478 2035 1498 2056 a
1514 2020 1638 2064 Jacoba
1656 2018 1735 2063 filia
1754 2018 1843 2052 Petri
1862 2018 1955 2054 Oeta.

1198 2073 1310 2109 vIani.
1330 2075 1377 2106 Et
1395 2071 1548 2118 quoddam
1568 2069 1659 2103 aliud
1674 2070 1890 2110 Jstrumentum
1907 2082 1954 2103 re-

1199 2122 1408 2158 nuntiationis
1436 2121 1510 2166 jure
1544 2118 1713 2159 divisionis
1740 2120 1783 2152 (9⁹
1818 2119 1954 2164 cambii,

1199 2173 1385 2219 conceffionis
1411 2171 1454 2204 &²
1485 2169 1728 2214 confirmationis
1762 2169 1868 2213 faciae
1896 2169 1956 2216 ipsi

1200 2223 1334 2260 Domino
1352 2221 1492 2256 Guidoni
1503 2222 1540 2255 de
1556 2219 1663 2261 Castro
1679 2221 1779 2253 eodem
1791 2247 1801 2262 ‚
1829 2220 1873 2253 (9⁹
1887 2219 1956 2266 eju-

1194 2276 1281 2320 sdem
1307 2271 1460 2307 territorio
1494 2285 1514 2305 a
1553 2271 1720 2314 Tedaldo,
1751 2269 1826 2315 filio
1865 2270 1956 2304 Petri

1201 2323 1394 2360 offla-viam.
1422 2325 1514 2367 Quae
1548 2322 1608 2355 duo
1644 2319 1852 2363 Instrumenta
1886 2333 1956 2354 con-

1195 2375 1278 2420 sefta
1301 2373 1376 2417 sunt
1394 2384 1448 2418 per
1466 2371 1668 2406 Donadeum
1690 2369 1836 2419 Aegidii
1864 2369 1956 2406 Scri-

1200 2424 1349 2460 niarium
1378 2423 1419 2458 de
1446 2421 1646 2458 Malliano.
1683 2424 1731 2457 Et
1766 2420 1956 2463 Instrumena

1199 2486 1265 2510 tum
1291 2473 1450 2509 locationis
1478 2474 1520 2507 (9¹
1546 2472 1734 2517 conceffionis
1756 2471 1861 2515 faciae
1887 2473 1954 2505 Do-

1199 2526 1282 2561 mino
1309 2525 1450 2561 Guidoni
1464 2523 1625 2573 praediolo
1643 2527 1683 2559 de
1700 2521 1865 2605 duodecimb
1879 2531 1956 2568 purg

1818 2580 1844 2606 tt
1868 2580 1903 2606 &ss
