2185 3027
169 262 199 299 3,

174 331 199 349 9)

175 381 201 400 5)

176 431 201 449 5)

175 481 200 500 3)

173 532 199 550 2²

173 581 198 600 ³,

174 632 199 650 2)

228 303 382 350 predffiia
419 302 528 338 nostra
564 303 710 338 Cartula
753 301 795 336 da
838 310 932 349 parte

228 353 434 389 NIonasterii
471 361 544 388 erat
583 357 762 387 anterior.
796 351 933 395 Judica-

228 414 304 440 tum
333 405 377 440 est
408 404 500 439 inter
535 416 625 445 nos,
663 412 701 438 ut
737 402 796 438 iste
824 404 932 438 Teut-

231 467 366 500 pertus,
404 454 464 502 qui
502 453 599 489 causa
636 453 749 489 eidem
787 452 864 488 filio
900 454 934 488 δ(

229 509 366 541 Norace
395 505 449 541 sue
478 505 683 553 peragebat,
720 504 816 540 daret
844 503 934 539 mihi
961 521 967 556 ff

226 556 365 591 vadiam
394 555 435 591 de
462 556 639 590 aufihwem
677 554 752 602 ipso
784 555 931 589 Brunin-

227 620 298 655 go,
336 606 396 655 qui
435 606 592 654 vigorem
621 607 768 642 cartula
796 604 868 653 ipsa
896 604 933 639 in

227 657 344 692 eadem
374 656 447 692 filia
476 657 532 692 sua
568 656 758 704 emiserat3
788 655 872 691 ficut
899 656 932 690 δε

226 706 323 743 dedit
347 707 434 742 mihi
457 707 558 742 vadia
579 708 619 743 de
639 706 715 754 ipso
735 706 933 741 anaim-em,
960 716 962 738 ε

225 760 271 792 Et
300 757 350 792 ibi
380 757 515 806 profeffi
544 757 621 793 sunt
645 756 716 806 ipse
737 758 933 803 Teutperto

225 810 258 843 8<
288 808 366 843 filio
386 808 458 855 ejus
482 808 674 843 Adelberto
688 834 698 848 ,
719 807 812 855 quod
833 808 932 842 nullo

225 858 296 893 alio
325 858 522 893 monimine
543 859 623 893 inde
645 859 780 893 aberet.
801 859 847 892 Et
867 871 931 906 ego

224 908 320 944 dedit
348 908 379 943 ei
407 908 558 944 wadiam
581 909 621 944 de
644 907 817 944 Placitum
839 909 872 942 ἃ
894 908 930 943 in

226 960 400 994 Placitum
414 987 422 999 ‚
440 959 532 1006 quod
556 959 647 994 inter
663 958 763 993 nobis
782 958 927 1006 positum

224 1009 268 1045 est
285 1010 325 1045 ad
346 1009 513 1044 Oratorio
529 1009 652 1045 SanPte
669 1009 784 1044 Marie
803 1009 840 1044 in
862 1011 927 1045 La·

224 1072 351 1093 curno.
381 1059 552 1093 Venimus
577 1059 695 1093 ambas
723 1068 835 1102 partes
857 1073 927 1106 pre-

224 1107 332 1143 sentia
360 1106 462 1155 ipsius
492 1107 641 1156 Isengari
670 1108 867 1143 Sculdascio
894 1111 927 1144 ὃς

224 1157 362 1194 Ansulfi
380 1157 529 1193 Scavino
545 1159 579 1193 8<
596 1157 782 1194 relicorum
795 1161 861 1194 ,Et
877 1159 927 1195 ibi

222 1208 440 1244 ostenderunt
465 1208 577 1256 ipsum
607 1209 810 1257 Bruningo,
838 1210 928 1245 unde

224 1259 310 1294 mihi
341 1259 455 1294 wadia
482 1259 523 1295 de
552 1259 729 1295 au&0rem
750 1260 870 1308 dedit3
893 1262 925 1296 8<

222 1309 432 1358 quesivimus
454 1309 542 1357 ipsas
563 1324 614 1345 res
635 1310 720 1345 ficut
741 1310 926 1358 primitus.

224 1362 442 1408 Interrogato
471 1360 545 1408 ipso
574 1361 755 1409 Bruningo
786 1361 826 1396 ab
848 1361 926 1410 ipsis

223 1411 483 1453 Auditoribus,
512 1411 534 1446 sl
564 1412 685 1447 auciox·
711 1411 824 1458 ipsum
853 1412 924 1448 exi-

223 1461 319 1497 steret
346 1462 387 1497 de
414 1461 493 1509 ipsis
521 1463 601 1498 casis
626 1464 659 1498 &
680 1462 780 1497 rebus
802 1464 857 1498 vel
879 1462 924 1498 fa-

222 1512 356 1557 miliis,
393 1525 434 1547 an
464 1526 556 1557 non,
584 1515 617 1548 8<
646 1512 718 1562 ipse
746 1513 927 1562 Bruningo

222 1562 337 1603 dixit,
377 1563 470 1609 quod
507 1565 548 1599 de
578 1563 667 1612 ipsas
696 1563 786 1599 casas
813 1566 847 1599 &
876 1578 927 1600 res

223 1614 279 1646 vel
306 1612 442 1647 familia
479 1614 600 1649 auffior
626 1628 696 1650 non
724 1615 827 1658 effer,
864 1615 925 1650 nifi

173 682 198 700 9,

173 733 198 751 5²

173 783 198 801 5)

173 834 197 852 ³5

171 884 196 902 3)

171 934 196 952 95

171 985 196 1003 3)

171 1035 196 1052 9)

171 1085 196 1103 ³²

169 1134 195 1153 3)

169 1185 195 1203 9)

170 1236 195 1255 3)

171 1286 196 1306 3)

170 1337 195 1355 ))

170 1389 194 1407 3)

170 1440 195 1458 9)

169 1490 194 1510 3)

169 1540 194 1559 3)

169 1590 194 1608 9)

170 1639 195 1658 3)

172 1689 196 1707 7)

171 1739 194 1757 ))

224 1670 363 1696 tantum
403 1662 445 1696 de
484 1662 596 1709 fruges
633 1677 750 1698 earum
788 1678 927 1700 rerum.

223 1714 269 1745 Et
296 1711 348 1746 ibi
376 1711 576 1747 ceciderunt
604 1712 645 1747 de
672 1712 871 1756 auffiorem,
894 1716 927 1748 8<

171 1789 195 1808 ‚,
223 1760 415 1810 judicatum
445 1761 488 1795 est
515 1762 586 1804 eis,
623 1772 662 1798 ut
690 1761 780 1797 mihi
808 1763 826 1797 ὲ
854 1776 923 1811 par·

171 1840 196 1858 ‚,
225 1822 258 1847 te
287 1810 388 1856 ipfius
416 1811 645 1855 Monasterii,
682 1811 857 1861 postquam
887 1812 928 1848 de

171 1890 195 1909 ,‚
224 1861 400 1898 auciorem
438 1863 658 1904 ceciderunt,
697 1862 787 1898 casas
815 1863 847 1898 8<
876 1877 928 1899 res

170 1912 311 1961 „ipsas
349 1911 406 1947 seo
441 1912 576 1948 familia
614 1914 834 1956 relaxarent,
873 1914 927 1949 sed

173 1992 197 2011 ‚,
225 1964 412 1999 noluerunt
427 1963 562 1999 redere.
581 1963 720 1999 Posthac
737 1963 836 1999 venit
855 1978 922 2013 pre-

169 2042 196 2061 „
224 2014 332 2049 sentia
349 2014 499 2061 ejusdem
519 2015 635 2048 Domni
652 2015 844 2061 ffizgelherti
857 2018 924 2049 Ar.

170 2065 376 2112 chkpiscopi,
411 2065 454 2098 Ε’ἳ·
491 2065 642 2099 Leodoini
678 2065 796 2098 Con-alti
835 2066 928 2110 M‘sfi

169 2115 347 2162 Imperialis
374 2143 397 2158 „
425 2114 462 2150 in
498 2115 617 2150 eadem
652 2114 813 2151 Civitate
849 2117 920 2151 Me*

171 2193 196 2211 ‚,
222 2164 353 2200 diolani
378 2165 434 2200 iste
451 2165 607 2200 Bonifrit
629 2168 807 2200 Avocatus
824 2165 925 2209 ipsius

170 2243 196 2261 „
222 2214 425 2251 Monasterii
440 2244 447 2254 ,
465 2217 497 2251 8<
519 2215 668 2262 quesivit
686 2216 798 2251 eidem
816 2218 920 2251 Teut-

168 2294 193 2312 „
222 2266 311 2314 perti
331 2265 455 2305 exinde
479 2267 667 2314 justiciam.
688 2268 735 2302 Et
756 2266 817 2303 insi
840 2266 916 2302 Mis

168 2345 192 2362 „
221 2316 243 2351 fi
285 2316 583 2353 comandaverunt
624 2317 718 2353 istius
759 2318 923 2353 Gunzoni

166 2394 191 2412 ‚,
219 2365 476 2412 vicedomino,
495 2369 529 2403 &
549 2367 699 2411 Johanni
718 2396 726 2411 ,
756 2367 811 2403 seo
840 2371 910 2404 Rot

168 2444 191 2463 ‚,
220 2418 309 2466 perti
347 2417 531 2461 Scavinis,
568 2420 602 2454 8<
638 2419 849 2461 relicorum,
887 2428 925 2453 ut

165 2495 191 2513 „
219 2467 329 2504 casam
358 2468 417 2504 ista
437 2468 690 2513 deliberarent,
717 2470 752 2504 δ’(
781 2470 917 2517 conjun-

165 2545 192 2565 „
218 2529 347 2556 xerunt
373 2518 405 2553 se
433 2532 556 2555 eorum·
579 2519 757 2569 presencia
779 2521 813 2556 8<
834 2529 925 2555 cete·

270 2575 359 2606 Tom.
386 2571 432 2604 II.

587 189 1101 235 DISSERTATIO
1163 193 1390 236 NONA,

186 256 190 260 '
226 264 375 300 conjuge
411 249 514 298 ipfius
543 250 750 287 Adalberti.
787 250 930 286 Releaa
955 251 1018 305 'A'

972 708 998 741 Β

1345 252 1352 259 ,
1571 252 1578 262 ,
1683 211 1745 261 ,34

1041 279 1065 298 ,‚
1093 264 1232 287 rorum.
1269 254 1315 287 Et
1343 251 1414 300 ipse
1441 253 1599 290 Bonifrit
1635 253 1710 290 ilhs
1738 255 1801 290 hac

1093 301 1191 337 causa
1228 302 1380 349 qualiter
1417 303 1509 338 inter
1536 319 1598 340 nos
1626 304 1701 340 affixa
1728 305 1773 341 est
1790 332 1802 350 ‚

1094 362 1178 387 nota
1205 351 1334 387 faceret
1351 379 1360 395 ,
1388 353 1422 387 8<
1450 353 1521 400 ipse
1549 356 1722 404 Teutpert
1749 355 1803 390 di·

1095 411 1187 438 cerer
1205 430 1214 446 ,
1235 402 1328 450 quod
1351 415 1472 438 verum
1495 416 1565 437 non
1586 415 1680 449 erat,
1702 415 1740 441 ut
1761 406 1802 441 de

1094 453 1271 490 aufftorern
1301 453 1512 489 cecidimus.
1538 453 1736 496 Judicatum
1758 456 1805 492 est

1095 505 1166 548 eis,
1204 514 1242 539 ut
1270 517 1335 553 ego
1363 503 1425 552 qui
1454 504 1578 552 primis
1615 504 1741 540 exinde
1769 520 1804 541 a.

1095 565 1240 590 vocatus
1261 554 1311 590 fui
1325 582 1334 598 ‚
1350 556 1383 590 8<
1407 553 1504 589 causa
1526 554 1598 602 ipsa
1625 554 1804 602 postquam

1094 606 1231 641 veniret
1259 618 1327 641 una
1354 603 1494 640 insimul
1524 617 1603 640 cum
1641 605 1804 640 eumdem

1095 655 1246 692 Ansulfo
1274 655 1424 691 Scavino
1442 683 1451 698 ,
1479 656 1513 690 8<
1542 654 1649 690 ceteri
1687 654 1805 690 homi..

1093 719 1174 750 nes,
1195 706 1257 754 qui
1286 706 1318 742 se
1345 705 1471 742 exinde
1492 705 1735 741 recordarent.
1758 708 1805 741 Et

1094 757 1214 792 taliter
1240 757 1504 793 wadiaverunt.
1542 758 1589 791 Et
1616 755 1779 791 odie....
1796 783 1806 792 .

1093 807 1231 843 missum
1260 807 1323 843 est.
1361 810 1451 842 Ecce
1491 819 1547 842 me
1583 806 1803 854 Teutpaldus

1094 870 1232 903 paratus
1260 871 1338 894 cum
1367 859 1430 893 isto
1457 857 1610 893 Ansulfo
1648 857 1801 893 scavino

1093 907 1327 957 interrogavit
1365 922 1467 952 eum,
1505 908 1565 956 qui
1595 907 1722 943 exinde
1750 921 1803 943 re-

1093 959 1262 1002 cordant,
1291 970 1350 994 aut
1378 959 1531 1006 qualiter
1557 959 1595 994 in
1624 958 1698 1007 ejus
1725 971 1801 1007 pre-

1094 1008 1206 1045 sencia
1234 1009 1349 1045 aestum
1379 1010 1444 1046 est.

1091 1063 1171 1094 Cum
1207 1061 1269 1107 ipse
1305 1062 1482 1107 Teutpaldo
1508 1064 1656 1095 Avoeato
1692 1059 1805 1095 taliter

1041 330 1065 348 ’²

1042 381 1066 398 ¹)

1042 431 1066 449 ’5

1043 482 1066 499 5)

1044 532 1066 550 ))

1042 582 1066 600 Ἰ)

1043 633 1066 650 ))

1042 683 1066 701 ))

1042 733 1065 751 ))

1041 784 1064 801 Ἰ)

1041 835 1065 852 ))

1042 885 1065 902 7)

1041 936 1064 952 ⁷5

1042 986 1065 1002 Ὦ)

1041 1036 1064 1053 ))

1011 1146 1012 1150 Ἰ
1039 1110 1142 1145 omnia
1169 1111 1203 1144 in
1230 1111 1340 1151 nostris
1364 1110 1520 1156 presencia
1546 1107 1697 1154 retuhffet
1713 1136 1724 1152 ,
1753 1109 1802 1149 stc

1039 1173 1092 1194 nos
1103 1188 1112 1202 ,
1128 1160 1183 1206 qui
1196 1160 1296 1206 supra
1307 1161 1522 1195 fflaeditoribtcs
1535 1160 1802 1205 interrogavimus

1037 1212 1174 1245 eumdem
1201 1213 1372 1255 Tempen,
1400 1211 1469 1257 qccit
1495 1210 1646 1255 adversus
1673 1210 1724 1244 hec
1750 1211 1803 1244 di.

1036 1274 1098 1294 cere
1124 1262 1262 1296 voleret.
1291 1261 1360 1307 ‚Qui
1385 1262 1469 1296 dixit
1497 1262 1541 1295 (9'
1564 1257 1711 1307 profeffits
1734 1260 1801 1302 est.-

1036 1338 1060 1355 ,‚
1090 1311 1253 1359 Verita53
1283 1312 1366 1358 quia
1394 1325 1456 1347 nos
1484 1311 1616 1347 malasti
1645 1309 1684 1345 de
1706 1310 1799 1346 casas

1006 1393 1008 1399 s
1035 1389 1060 1406 ‚,
1088 1362 1121 1396 ἃ
1150 1376 1201 1397 res
1231 1362 1319 1410 ipsas
1357 1362 1412 1398 seo
1450 1361 1586 1397 familia
1614 1361 1650 1396 in
1681 1362 1799 1396 Bales-

1007 1439 1060 1456 1„
1088 1424 1152 1461 na;
1190 1414 1224 1447 8<
1262 1413 1379 1448 ambas
1417 1422 1530 1460 partes
1568 1412 1731 1448 cartulas
1759 1425 1798 1446 ο.

1035 1490 1059 1507 ,,
1087 1462 1273 1498 stendimus
1291 1490 1299 1498 .
1341 1465 1386 1497 Et
1414 1463 1499 1498 ficut
1527 1462 1598 1510 ipse
1626 1463 1798 1508 Teutpal-

1034 1541 1060 1558 „
1087 1513 1131 1548 do
1159 1513 1274 1557 dicit,
1301 1512 1417 1549 wadia
1445 1513 1524 1549 dedi
1553 1513 1594 1548 de
1615 1512 1690 1561 ipso
1712 1513 1799 1548 Bru-

1034 1592 1058 1609 „
1087 1564 1196 1611 ningo
1224 1564 1401 1599 aufflorem
1420 1591 1429 1605 ,
1467 1567 1500 1598 δε
1538 1563 1640 1599 nobis
1668 1563 1799 1598 exinde

1034 1642 1058 1659 ‚,
1087 1614 1209 1650 aug‘tor
1245 1614 1342 1664 fuitg,
1380 1616 1413 1650 δε
1451 1627 1522 1649 non
1560 1613 1799 1649 decatevimuz

1035 1693 1058 1709 „
1086 1665 1128 1700 de
1156 1664 1355 1701 aufflorem.
1377 1693 1400 1709 „
1430 1668 1515 1700 Dum
1543 1665 1651 1699 taliter
1671 1677 1797 1711 ageren-

1033 1726 1107 1758 tur,
1135 1716 1398 1762 interrogavimns
1426 1716 1489 1762 ipso
1515 1715 1656 1759 Ansulfo
1683 1715 1797 1749 Scavia

1035 1777 1095 1806 no,
1122 1765 1177 1809 qui
1204 1766 1250 1798 ibi
1275 1768 1297 1798 ὰ
1320 1766 1466 1812 presens,
1492 1766 1562 1809 quis
1581 1769 1618 1799 de
1637 1766 1694 1799 hac
1725 1778 1798 1798 cau-

1028 1813 1069 1858 sa
1095 1815 1265 1847 recordaret
1281 1841 1291 1857 ,
1320 1817 1405 1849 nobis
1433 1826 1546 1849 certam
1571 1817 1686 1849 diceret
1711 1815 1797 1848 veri.

1033 1873 1152 1899 tatem.
1189 1863 1258 1909 ‚Qui
1292 1864 1409 1898 dixit:
1443 1891 1467 1907 „
1497 1866 1591 1900 Bene
1627 1864 1800 1908 recordo,

1034 1942 1057 1959 ,‚
1086 1914 1169 1960 quia
1197 1923 1368 1949 venerunt
1395 1914 1431 1949 in
1461 1914 1595 1961 judicio
1623 1914 1691 1950 mei
1722 1928 1798 1962 pre-

1033 1992 1057 2009 „
1085 1963 1199 1999 sencia
1234 1964 1269 1998 &
1309 1964 1469 1999 Ifencarii
1519 1964 1715 2000 Sculdascio
1760 1965 1795 1999 8<

1033 2043 1057 2061 ,‚
1084 2014 1297 2049 relicorum.
1325 2016 1371 2050 Et
1400 2014 1498 2050 causa
1518 2015 1615 2063 ipsa,
1643 2015 1798 2063 qualiter

1033 2093 1057 2111 ,‚
1085 2064 1145 2100 iste
1180 2065 1384 2113 Teutpaldo
1425 2068 1603 2101 Avocatus
1644 2065 1798 2110 retu-lit,

1034 2143 1058 2160 ‚,
1086 2114 1129 2149 fic
1157 2114 1288 2150 fabium
1316 2115 1380 2150 est.
1409 2117 1454 2151 Et
1483 2117 1581 2151 venit
1610 2115 1680 2162 ipse
1709 2117 1796 2151 Bru·

1035 2194 1059 2210 ,‚
1087 2164 1212 2213 ningus
1240 2165 1278 2200 in
1306 2166 1427 2201 eodem
1459 2166 1655 2207 Placitum,
1681 2167 1714 2201 &
1745 2166 1797 2200 di-

1035 2244 1059 2262 „
1086 2215 1166 2250 xit:
1197 2217 1280 2251 Non
1307 2215 1381 2251 sum
1410 2217 1561 2262 amplius
1589 2216 1710 2251 auffior
1733 2229 1797 2251 nec

1035 2295 1058 2312 „
1086 2265 1128 2301 de
1156 2265 1259 2310 cafis,
1287 2279 1350 2302 nec
1377 2267 1419 2302 de
1447 2281 1517 2308 res.
1547 2280 1608 2302 nec
1637 2266 1796 2309 familia,

1035 2345 1060 2363 ‚7
1086 2315 1148 2351 nifi
1169 2325 1306 2352 tantum
1335 2316 1377 2352 de
1404 2316 1518 2366 fruges
1546 2317 1585 2351 de
1614 2316 1702 2360 ipsas
1723 2330 1796 2352 res.

1035 2395 1058 2413 ‚,
1087 2369 1133 2401 Et
1184 2367 1387 2403 decaterunt
1427 2368 1468 2403 de
1510 2367 1687 2402 anfi-orem
1738 2366 1796 2403 iste

1035 2446 1059 2463 ‚,
1087 2419 1285 2465 Teurperto
1313 2431 1391 2453 cum
1430 2417 1508 2454 filio
1536 2417 1600 2453 suo
1625 2417 1798 2453 Adalber-

1035 2496 1059 2513 „
1087 2477 1149 2504 to.
1186 2471 1233 2503 Et
1271 2468 1448 2517 postquam
1485 2468 1527 2503 de
1565 2468 1640 2517 ipso
1677 2467 1797 2504 auG‘to-

1034 2546 1058 2564 „
1085 2532 1181 2563 rem,
1218 2518 1302 2555 ficut
1330 2519 1445 2555 wadia
1472 2519 1570 2556 dedit
1596 2519 1795 2563 recideret,

1142 2571 1177 2606 c:
1602 2596 1629 2615 ,,
1655 2569 1747 2619 judi-
