2185 3027
319 318 343 337 „
374 248 703 341 ju3icavimus,
674 300 715 327 ut
740 231 967 327 rederent'Q&
995 291 1080 325 rela
1117 288 1152 323 A

318 369 344 387 „
372 352 495 378 xarent
522 342 611 391 ipsas
639 342 729 377 casas
757 343 790 377 8<
819 355 870 378 res
898 341 954 377 seo
978 340 1078 376 fami-

319 419 345 437 „
373 395 421 428 lia
449 394 468 428 ὲ
496 404 592 442 parte
620 392 855 435 Monasterii,
884 391 938 427 sed
960 392 1078 427 nolue-

319 470 344 487 ‚,
373 454 475 480 runt.
513 444 634 479 Eciam
674 443 732 480 iste
760 443 927 488 johannes
953 441 1079 484 Comis‚

319 520 345 538 „
373 495 427 541 qui
453 505 526 529 tunc
552 494 743 530 Comitatmn
763 493 923 540 Sepriense
944 494 1078 534 abebat,

320 571 346 589 „
373 545 411 581 in
439 546 535 594 cujus
563 544 755 580 ministerio
782 557 834 579 res
863 542 951 591 ipsas
979 550 1078 585 erat,

320 622 346 639 ‚,
374 595 464 632 mihi
485 596 734 638 comandavit,
757 605 793 630 ut
805 607 883 630 eum
905 591 1078 628 disricxil-

320 673 346 690 „
375 646 465 690 sem,
493 646 548 681 sed
577 646 729 682 menime
759 646 877 693 potui.
895 672 918 688 „
955 643 1080 678 Deinde

319 698 477 732 -Ᾰλείερἱς
512 699 555 731 da
583 697 646 743 ipso
672 698 733 730 lose
760 700 919 738 Lucumo,
947 695 990 728 (9·
1021 697 1078 727 Pe-

319 758 390 782 trus
416 750 460 783 da
489 751 682 789 Lucernate,
713 747 765 791 seo
801 746 962 780 Wilielmo
991 744 1077 778 Scul.
1128 740 1153 773 B

319 799 444 843 daseia,
481 800 525 833 (9·
559 797 699 842 Ansnlfo
725 798 764 831 de
790 801 892 829 eodem
926 796 988 829 loco
1016 798 1077 828 Lu-

319 862 441 885 cernate
468 848 618 883 recordati
638 849 737 892 sunt,
763 847 920 889 dicentes,
948 846 1030 892 quod
1056 844 1077 877 i·

320 901 355 936 bi
375 898 526 946 suff-ient,
555 900 598 931 (9·
623 898 727 931 onmia
748 896 794 937 fic
820 895 913 942 essent
938 896 1080 938 veritas,

314 951 399 993 sicut
436 950 498 996 ipse
533 948 675 992 Austilfo
710 948 848 982 Scavino
886 947 1079 981 recorda-uit.

322 1004 371 1036 Et
395 1011 450 1046 pro
476 1013 507 1033 eo
533 1002 613 1045 quod
641 999 704 1045 ipse
730 998 924 1032 Adelbertus
949 996 1026 1040 filio
1052 1010 1079 1029 e-

316 1051 443 1098 jusdem
479 1050 643 1096 Tetttperti
680 1048 790 1090 nostris
822 1048 982 1094 presencia
1023 1060 1081 1080 non

319 1102 432 1144 venit,
461 1101 528 1134 ideo
549 1099 757 1145 suspensimus
782 1098 904 1142 causam
933 1098 1020 1144 ipsa,
1050 1107 1084 1130 ut

322 1161 447 1186 veniret
465 1151 527 1197 ipse
543 1147 821 1192 Adelbertusfilio
836 1148 970 1193 ejusdem
987 1151 1081 1181 Teut-

320 1202 425 1250 perti,
460 1201 552 1246 causa
588 1199 655 1246 ipsa
676 1199 758 1240 ficut
783 1198 855 1233 atta
882 1199 924 1232 (9⁶
952 1199 1058 1231 iuven
1053 1209 1084 1231 ιι
1126 1191 1157 1225 C

323 1253 366 1295 est
394 1253 475 1286 inter
500 1264 547 1285 eos
566 1250 768 1295 finiendum.
797 1251 843 1283 Ec
869 1249 979 1283 taliter
996 1249 1085 1282 dedit

324 1304 440 1338 vadia
468 1302 530 1349 ipse
556 1305 743 1346 Teutpertus
778 1300 876 1333 eidem
911 1298 1085 1345 Teutpaldi

324 1357 473 1389 Avocato
500 1366 566 1386 cum
592 1353 691 1385 eodem
712 1349 788 1393 filio
810 1350 866 1393 suo
885 1350 906 1382 ἀ
926 1349 1084 1384 Placitum

323 1404 516 1438 veniendum
543 1403 585 1435 (9·
610 1400 848 1445 definiendum.
886 1402 933 1433 Et
968 1413 1004 1433 ex
1030 1400 1086 1433 hac

327 1454 464 1498 noticia,
492 1453 628 1500 qualiter
654 1451 757 1486 assum
784 1450 845 1493 est,
874 1464 911 1484 ne
938 1450 970 1483 in
989 1451 1083 1496 poste-

325 1518 394 1538 rum
422 1505 454 1538 in
481 1504 545 1538 alio
572 1502 669 1536 modis
697 1501 903 1535 revolvantur
928 1500 1084 1544 causacio,

323 1567 380 1602 pro
400 1555 567 1600 securitate
595 1552 689 1600 ipsius
716 1550 906 1593 Monasterii
918 1550 1020 1595 facere
1040 1564 1080 1585 co>

325 1606 499 1640 monuimus
509 1631 518 1639 .

377 1657 516 1702 Quidem
543 1655 586 1688 (9⁶
611 1666 664 1699 ego
690 1653 786 1697 Ursus
807 1652 958 1686 Notarius
975 1651 1087 1697 scripsi
1132 1645 1160 1676 D

325 1713 428 1743 Anno
464 1705 592 1752 Imperii
629 1704 746 1739 Domni
783 1702 946 1736 Hlotharii
982 1704 1083 1736 XXV.

327 1759 440 1802 Mense
466 1755 619 1800 Aprilis,
648 1753 822 1788 Inaifflone
851 1754 922 1787 VH.

378 1810 455 1856 Ego
487 1806 662 1850 Johannes
697 1803 824 1840 comis
863 1800 1010 1837 interfui
1044 1809 1085 1836 ut

328 1858 448 1907 supr.a

375 1912 490 1954 Gan-‘o
517 1906 598 1942 Diae
600 1918 676 1939 onus
703 1903 858 1947 inreffui.

377 1959 500 1994 Paulus
526 1957 679 1992 Notarius
698 1956 816 1989 Domni
836 1952 1035 1999 Imperatoris
1052 1962 1089 1986 ut

322 2010 421 2057 fiipra
449 2009 493 2044 ibi
515 2007 586 2052 sui.

378 2059 519 2094 stabelis
545 2055 700 2091 Notarius
726 2053 857 2095 interfui
883 2063 918 2086 ut
939 2052 1058 2099 supra.

380 2113 452 2156 Ego
490 2106 691 2143 Walcharius
730 2104 917 2146 Gastaldius
958 2103 1090 2146 interfui
1135 2093 1157 2124 Ε

329 2171 365 2195 m
385 2160 502 2207 supra.

379 2214 444 2245 Leo
470 2207 624 2245 Notarius
649 2206 683 2241 in
708 2215 799 2252 parte
825 2203 977 2248 interfui.

380 2265 445 2296 Leo
471 2259 624 2295 Notarius
651 2256 782 2300 interfui
807 2265 843 2289 ut
862 2255 987 2301 supra.

379 2312 450 2347 ,Alo
476 2310 630 2345 Notarius
657 2306 786 2350 interfui
812 2316 848 2340 ut
867 2305 986 2351 supra.

380 2361 528 2407 Offarode
553 2358 691 2395 Scavino
717 2356 868 2401 interfui,
889 2357 932 2390 (9·
950 2355 1084 2390 recorda-

330 2412 364 2447 hi
389 2423 425 2446 ut
445 2411 543 2456 subra
564 2408 746 2455 subscripsi.

382 2464 453 2508 Ego
476 2459 627 2500 ,Ambros'
615 2473 664 2494 us
691 2457 845 2494 Notarius
872 2455 1037 2500 interfuit.

380 2515 466 2548 Atto
484 2510 581 2556 filius
607 2512 681 2546 bone
716 2508 856 2544 memorie
885 2505 1090 2552 ‹At-[emundi
1115 2505 1121 2600 ι

330 2561 479 2607 interfui.

1141 226 1364 271 MEDJJ
1414 225 1591 269 AEVI
1847 233 1903 281 36

1246 288 1413 322 Ceterum
1440 299 1499 321 eos
1527 283 1639 331 Miffbs
1663 281 1805 332 seligere
1828 283 1864 319 in
1894 284 1953 322 usu

1195 336 1285 379 fuit,
1320 337 1382 385 qui
1419 349 1490 372 non
1518 335 1628 371 solum
1658 347 1776 369 amore
1803 335 1954 383 justitiae

1194 401 1233 422 ac
1260 386 1419 423 veritatis
1446 386 1592 434 reliquis
1620 386 1890 429 antecellerent,
1917 386 1953 421 δε

1196 438 1264 472 fine
1291 438 1366 472 ullo
1393 436 1579 473 hominum
1607 435 1761 484 respefitu
1786 435 1955 484 justitiam

1196 487 1424 523 ministraturi
1452 487 1693 529 crederentur,
1732 485 1787 521 sed
1823 486 1954 532 etiam,

1196 538 1248 573 uti
1277 537 1375 586 supra
1403 538 1503 581 dixi,
1530 547 1634 585 atque
1663 538 1819 572 Annales
1847 539 1955 573 Lam·

1197 589 1333 624 beciani
1361 602 1424 624 nos
1451 589 1691 632 edocuerunt,
1729 586 1954 624 facultatibus

1196 639 1432 684 abundarent,
1460 653 1503 674 ne
1530 653 1647 675 eorum
1677 650 1856 686 paupertas
1877 639 1956 687 qui-

1197 689 1407 737 buscumque
1434 689 1536 725 donis
1564 689 1831 725 advenientibus
1860 703 1956 730 aper-

1196 749 1272 775 tum
1298 740 1425 775 ostium
1453 741 1685 784 relinqueret.
1714 741 1898 786 Propterea
1918 753 1957 774 o·

1199 791 1334 840 pulenti
1362 790 1546 833 Comites,
1574 792 1607 825 δ(
1639 792 1822 834 Proceres,
1850 791 1881 825 8<
1912 791 1957 824 E-

1199 841 1354 890 piscopi,
1383 849 1442 877 aut
1470 840 1627 876 Abbates
1647 839 1831 885 ditissimi,
1853 841 1895 876 ad
1920 839 1956 876 id

1200 892 1352 927 muneris
1398 890 1663 927 evehebantur:
1709 891 1801 938 quod
1842 892 1876 926 ὅ(
1920 891 1957 926 in

1199 942 1380 978 Chronico
1405 940 1636 977 Moiffiacenfi
1664 941 1751 989 apud
1781 943 1853 977 Du·
1866 942 1961 977 Che-

1197 992 1312 1027 snium
1341 994 1448 1028 Tom.
1478 1004 1510 1038 3.
1539 991 1705 1040 Scriptor.
1734 991 1890 1027 Francic.
1919 991 1959 1026 ad

1201 1044 1347 1077 Annum
1378 1043 1560 1078 DCCCH.
1589 1042 1778 1090 repetitum
1817 1042 1960 1078 videas.

1201 1093 1261 1128 Eis
1289 1102 1407 1128 tamen
1435 1092 1626 1135 alimenta,
1653 1093 1687 1126 &
1715 1091 1797 1137 equi
1825 1092 1865 1126 ad
1892 1092 1960 1127 iter

1199 1142 1412 1191 opportuni,
1440 1143 1460 1177 ὲ
1486 1141 1768 1177 provincialibus
1789 1141 1960 1177 ministra.

1201 1195 1327 1229 bantur
1354 1192 1395 1228 ad
1422 1205 1497 1228 eam
1519 1191 1712 1227 mensuram
1726 1220 1735 1235 ,
1756 1205 1844 1239 quae
1864 1205 1961 1240 prae-

1202 1243 1415 1279 scribebatur
1450 1244 1469 1278 ὲ
1503 1244 1618 1290 Rege,
1655 1252 1715 1278 aut
1750 1243 1770 1277 ὲ
1808 1242 1959 1291 publicis

1202 1294 1356 1343 Legibus
1384 1293 1458 1340 (ex
1487 1293 1613 1341 quibus
1652 1306 1755 1329 unam
1793 1292 1959 1329 habemus

1202 1344 1381 1380 Ludovici
1421 1344 1508 1391 Pii)
1537 1353 1596 1379 aut
1623 1343 1660 1378 in
1698 1343 1832 1379 Literis
1869 1345 1961 1379 Tra-

1200 1394 1348 1430 ἐῖοτίἰε.
1384 1394 1565 1439 ConjeHum
1592 1394 1760 1442 ejusmodi
1789 1393 1959 1430 sumtibus

1202 1458 1330 1480 nomen
1356 1453 1452 1488 erat,
1489 1446 1522 1479 &
1556 1444 1679 1491 singuli
1719 1444 1959 1481 provinciales

1204 1509 1265 1541 pro
1305 1495 1362 1531 sua
1397 1494 1497 1530 virili
1533 1495 1689 1531 conferre
1726 1495 1959 1543 cogebantur.

1203 1545 1385 1594 Conjefiium
1411 1555 1529 1581 tamen
1557 1545 1671 1581 Miffis
1699 1546 1838 1594 exigere
1866 1545 1960 1581 nefas

1202 1606 1298 1641 erat,
1335 1596 1357 1631 si
1385 1596 1478 1632 intra
1516 1595 1612 1631 suum
1649 1596 1871 1632 Comitatum
1902 1605 1961 1631 aut

1207 1647 1399 1682 Dioecefim
1417 1674 1427 1686 ,
1455 1655 1514 1683 aut
1538 1657 1632 1692 prope
1658 1647 1745 1687 fuum
1781 1645 1962 1689 beneficium

1202 1697 1431 1739 consistebant‚·
1446 1695 1499 1730 sed
1522 1705 1604 1730 tunc
1625 1695 1830 1739 dumtaxat,
1851 1708 1959 1743 quum

1202 1749 1307 1794 longe
1335 1748 1353 1780 ὲ
1381 1745 1449 1781 suis
1476 1745 1671 1781 ditionibus
1699 1745 1828 1792 judicia
1863 1759 1962 1780 exer-

1204 1800 1350 1839 cebant,
1379 1807 1416 1831 ut
1444 1796 1589 1830 habetur
1613 1795 1648 1829 in
1671 1797 1767 1852 Lege
1787 1797 1883 1830 LIV.
1906 1795 1960 1830 in-

1203 1859 1256 1883 ter
1283 1845 1566 1894 Langobardicas
1593 1845 1718 1881 Ludow
1703 1845 1769 1880 witi
1795 1845 1868 1879 Pii.
1896 1845 1960 1881 Sed

1204 1899 1305 1946 quale
1333 1905 1572 1944 quantumque
1607 1908 1693 1930 onus
1733 1895 1875 1943 Populis
1903 1895 1961 1931 ad-

1205 1950 1307 1984 ferret
1335 1947 1521 1982 Mifforum
1550 1944 1719 1994 ejusmodi
1755 1945 1960 1991 expeditio,

1204 1999 1317 2034 dicam
1347 1998 1382 2033 in
1413 1996 1589 2032 Differtat.
1620 1998 1714 2031 XIX.
1733 1997 1773 2030 de
1799 1997 1960 2032 Tributt's,

1205 2052 1375 2085 Attamen
1413 2046 1571 2090 utilitas,
1608 2059 1695 2093 quae
1722 2060 1764 2081 ex
1792 2046 1961 2095 generosis

1205 2099 1389 2146 probisque
1426 2096 1539 2133 Miffis
1568 2096 1603 2131 in
1635 2098 1805 2143 Populum
1844 2110 1962 2132 mana-

1205 2151 1285 2191 bar,
1314 2147 1482 2197 ejusmodi
1510 2160 1619 2189 onuS,
1648 2158 1686 2182 ut
1714 2147 1890 2195 conjicio,
1913 2148 1962 2183 le-

1207 2215 1247 2236 ve
1275 2199 1472 2235 efficiebat.
1510 2197 1600 2232 Illud
1630 2197 1877 2232 tantummodo
1905 2211 1963 2233 cu-

1206 2251 1347 2286 randum
1377 2257 1472 2291 erat,
1501 2258 1539 2283 ut
1566 2247 1663 2282 Missi
1692 2261 1809 2283 revera
1837 2248 1962 2296 probi,

1205 2301 1327 2344 (loeti,
1364 2301 1397 2335 &
1433 2299 1628 2346 incorrupti
1659 2298 1698 2333 ad
1736 2298 1770 2333 id
1809 2297 1962 2333 muneris

1206 2351 1469 2388 adhiberentur.
1496 2351 1678 2397 Propterea
1701 2348 1865 2396 Episcopi
1887 2350 1963 2382 An-

1207 2417 1250 2438 no
1289 2401 1561 2436 DCCCLVIH.
1592 2399 1792 2448 congregati
1828 2398 1864 2433 in
1893 2400 1962 2433 Ca-

1206 2452 1325 2489 rifiaco
1355 2450 1518 2493 Palatio,
1560 2448 1747 2485 scribentes
1775 2449 1814 2484 ad
1843 2448 1963 2484 Ludo-

1207 2503 1323 2539 vicum
1363 2504 1520 2548 Regem,
1561 2501 1680 2548 quales
1716 2501 1758 2535 ab
1794 2512 1834 2534 eo
1862 2496 1961 2534 Miffi

1206 2553 1321 2590 forent
1341 2550 1531 2601 seligendi,
1548 2550 1640 2588 hisce
1661 2550 1775 2588 verbis
1796 2550 1964 2594 Cap.14

1827 2597 1913 2646 Epi·
