2185 3027
213 401 1000 486 DISSERTATIO
1043 406 1793 495 DUODECIMA
1816 474 1839 495 i

503 625 523 627 ⁷„
619 590 754 639 Liquid
790 590 898 627 etiam
939 591 980 627 de
1003 592 1050 625 ·A
1079 592 1230 636 Judicis.
1267 595 1315 627 Et
1342 592 1376 634 fi
1409 593 1504 628 aliter
1534 594 1664 640 fecerit,
1695 596 1741 637 fit
1778 598 1845 643 ipsa

564 655 578 686 ·j
636 641 979 678 Notariisdicendum

572 712 577 714 >
636 693 706 737 est,
743 706 892 741 quorum
920 707 980 729 no-

553 743 564 768 's‘
636 757 739 788 men,
761 754 799 780 ut
819 744 912 780 inter
935 747 977 779 E-

634 795 770 831 ruditos
821 795 978 840 constat,

574 858 580 877 ‘r
634 845 716 881 inde
752 846 976 890 derivatum,

633 896 727 944 quod
759 896 866 932 Notis
899 897 974 944 qui-

452 973 456 974 r
634 946 774 983 busdam
812 961 975 995 compen-

212 996 358 1042 diariis,
395 997 414 1033 ὲ
442 997 625 1034 literarum
653 1000 835 1034 communi
863 997 974 1034 forma

212 1048 377 1092 diverfis,
414 1049 508 1084 Αξὶει
537 1048 698 1096 publica,
736 1058 796 1084 aut
832 1048 974 1084 Oratio·-

211 1111 294 1141 nes,
332 1106 392 1132 aut
430 1098 696 1145 Disputationes
737 1099 881 1134 vetustis
917 1101 974 1134 Se-

212 1147 301 1183 culis
329 1146 556 1195 exciperent.
585 1147 712 1182 Senfim
742 1153 825 1185 verb
852 1161 972 1185 eorum

212 1211 338 1234 munus
379 1210 419 1233 ac
459 1197 625 1233 industria
665 1198 804 1234 redasta
844 1200 890 1235 est
932 1198 972 1234 ad

212 1248 483 1298 consignandum
528 1247 644 1284 literis
690 1249 850 1296 publicos
891 1262 973 1285 con-

212 1299 370 1343 traaas,
411 1299 465 1335 uti
503 1298 614 1335 adhuc
651 1297 762 1334 facere
799 1308 973 1348 pergunt.

211 1350 383 1385 Tabularii
397 1377 407 1394 ,
436 1350 656 1394 Tabetliones‚
684 1350 863 1394 AHuarii,
890 1351 974 1385 Scri-

208 1402 287 1446 bae,
324 1401 547 1448 Logographi‚
583 1400 800 1444 Cancellarii‚
837 1400 975 1435 Charta.

208 1451 305 1490 larii,
343 1448 410 1482 (φο.
447 1447 537 1495 apud
575 1457 710 1484 veteres
747 1449 814 1485 hoc
851 1450 973 1485 eodem

208 1498 331 1534 officio
369 1497 447 1533 sunt
475 1497 645 1532 celebres.
682 1499 781 1540 Quid
808 1502 892 1533 verb
920 1499 970 1532 di-

210 1546 386 1584 scriminis
427 1546 521 1580 inter
556 1557 614 1578 eos
656 1544 778 1588 foret,
818 1545 972 1581 instituti

209 1596 281 1632 mei
310 1608 380 1630 non
408 1594 453 1630 est
488 1593 694 1641 inquirere,
730 1592 786 1629 sed
823 1608 861 1631 ea
898 1608 971 1644 per-

211 1646 308 1695 sequi
342 1644 612 1688 tantummod0‚
649 1657 736 1691 quae
772 1645 814 1680 ad
851 1648 971 1682 Secula

211 1695 390 1733 barbarica
427 1694 607 1744 speEiant.
644 1697 767 1744 Itaque
803 1695 863 1731 sub
900 1699 971 1732 Go-

210 1747 308 1790 this,
345 1746 587 1794 Langobardis
606 1773 616 1789 ,
653 1745 800 1794 aliisque
829 1747 972 1793 Populis

211 1796 336 1834 Italiae
364 1796 629 1831 dominantibus
647 1825 657 1840 ,
684 1797 796 1832 veluti
825 1798 971 1833 necessa-

211 1848 304 1885 rium
333 1860 483 1889 munus,
520 1846 638 1895 viguit
666 1846 798 1892 semper
824 1849 970 1883 Notario-

212 1912 281 1934 rum
307 1898 417 1934 ordo.
449 1897 577 1932 Scribas
602 1896 639 1933 in
670 1900 803 1946 Regum
832 1900 970 1948 Lango-

213 1948 399 1986 bardorum
428 1948 583 1997 Legibus
611 1962 669 1984 eos
696 1950 889 1997 appellatos
918 1951 970 1985 in-

213 1999 344 2035 venio.
382 1999 516 2048 Agitur
552 1999 590 2034 in
627 2001 721 2048 Lege
757 2013 791 2047 4.
829 2001 910 2036 Lib.
936 2014 972 2047 4.

215 2049 430 2098 Liutprandi
471 2049 513 2086 de
554 2051 759 2086 mulieribus
800 2065 852 2087 res
898 2051 971 2087 suas

146 2148 155 2154 x
215 2099 413 2136 venundare
447 2101 675 2137 volentibus.
705 2102 743 2137 Id
780 2112 893 2138 autern
923 2102 971 2138 fa-

216 2164 291 2187 cere
328 2150 420 2198 ipsae
448 2160 637 2196 vetantur,
674 2152 737 2188 nifi
775 2153 971 2189 contraSiui

215 2200 375 2238 intersint
402 2201 471 2237 duo
500 2212 559 2238 aut
586 2212 654 2240 tres
682 2208 853 2249 Parentes,
890 2204 973 2240 idest

216 2251 500 2300 Consanguinei,
537 2253 605 2290 five
632 2254 791 2304 Agnati,
829 2263 888 2291 aut
915 2258 972 2299 Ju-

216 2303 304 2347 dex,
332 2302 400 2339 five
429 2302 562 2340 Praeses
591 2306 723 2351 Urbis,
760 2315 820 2342 aut
858 2307 968 2355 Pagi.

217 2357 268 2391 Ut
296 2354 362 2389 hoc
390 2353 596 2401 diligentius
623 2356 845 2402 observetur,
882 2357 972 2393 infra

218 2406 380 2442 additur:
422 2405 533 2440 Scriba
567 2418 693 2452 autem,
730 2409 785 2456 qui
820 2409 973 2444 Chartam

217 2458 315 2503 ipsam
345 2456 504 2503 scripserit
525 2483 535 2500 ,
577 2471 635 2491 non
671 2459 764 2493 aliter
795 2460 974 2507 praesumat

215 2508 340 2553 facere,
367 2507 427 2549 ”¹st
452 2521 519 2542 cum
546 2508 661 2543 notitia
686 2513 857 2546 Parentum
875 2539 885 2556 ‚
920 2512 974 2546 vel

1088 644 1231 678 venditio
1269 657 1373 679 vacua
1391 658 1412 687 ;
1452 645 1494 678 (9‘
1532 647 1698 693 praefatus
1736 649 1847 682 Scriba

1087 694 1275 741 culpabilis,
1296 694 1378 735 ficut
1397 696 1452 742 qui
1471 696 1622 731 Chartam
1638 698 1756 742 falsam
1768 698 1848 742 scri-

1085 745 1203 791 pserit.
1231 747 1279 780 Et
1299 744 1376 782 sane
1397 746 1480 793 quia
1501 749 1718 796 temporibus
1740 749 1847 784 etiam

1086 796 1153 840 iis,
1181 797 1294 831 immo
1322 806 1405 832 tunc
1427 796 1559 845 saepius
1580 800 1684 845 quam
1706 799 1848 844 nostris,

1086 847 1261 892 Chartae,
1281 847 1350 883 five
1370 846 1598 884 Instrumenta
1620 849 1702 885 falsa
1725 863 1848 898 procu-

1086 896 1276 942 debantur,
1306 898 1471 934 Rotharis
1500 901 1575 934 Rex
1603 902 1735 948 Legem
1764 903 1849 936 CC-

1088 949 1238 983 XLVII.
1265 948 1320 983 his
1357 949 1472 984 verbis
1510 951 1772 998 promulgavit:
1810 951 1848 985 Si

1085 998 1157 1044 quis
1176 999 1327 1033 Chartam
1342 999 1461 1044 falsam
1473 1000 1654 1046 scripserit,
1675 1011 1731 1036 aut
1751 1002 1849 1048 quod-

1085 1049 1163 1083 libet
1198 1052 1408 1085 membranum
1429 1077 1438 1094 ‚
1474 1063 1585 1084 manus
1621 1051 1689 1096 ejus
1726 1053 1850 1087 incida-

1085 1108 1159 1134 tur.
1196 1101 1250 1134 At
1286 1101 1454 1147 quoniam
1491 1109 1551 1134 aut
1588 1113 1629 1135 ne
1667 1101 1739 1146 ipsa
1769 1101 1848 1148 qui-

1085 1148 1164 1184 dem
1192 1162 1382 1197 poenarum
1411 1148 1645 1184 comminatio
1667 1149 1748 1184 satis
1775 1153 1850 1185 No.

1088 1199 1195 1234 tarios
1231 1199 1414 1234 continere
1453 1199 1491 1234 in
1528 1198 1649 1234 officio
1689 1209 1849 1247 poterat,

1086 1256 1146 1283 aut
1172 1248 1201 1283 ii
1237 1247 1402 1284 absurdos
1438 1247 1590 1284 nimium
1634 1249 1849 1285 ContraEtus

1086 1297 1304 1343 scribebant,
1343 1308 1403 1335 aut
1429 1299 1611 1348 legitimos
1641 1301 1754 1343 male,
1783 1301 1851 1336 hoc

1086 1348 1131 1384 est
1159 1348 1227 1384 fine
1254 1349 1416 1385 formulis
1443 1350 1638 1385 necessariis
1658 1377 1667 1393 ,
1695 1350 1849 1387 Chartae

1086 1399 1402 1434 commendabant:
1447 1400 1641 1436 Lotharius
1683 1402 1710 1436 Ι.
1751 1403 1848 1450 Lege

1088 1451 1166 1482 XII.
1194 1449 1415 1496 Langobard.
1442 1449 1581 1485 statuit:
1614 1454 1656 1485 Ut
1682 1453 1850 1487 Cancella.

1086 1497 1128 1530 rii
1155 1496 1270 1543 (idest
1299 1498 1471 1547 Notarii)
1509 1500 1598 1534 eleni
1623 1501 1696 1535 boni
1723 1502 1766 1535 (9⁶
1791 1516 1848 1536 ve.

1087 1559 1170 1580 races
1186 1574 1196 1591 ‚
1223 1548 1362 1583 Chartas
1384 1550 1529 1596 pziblt'cas
1555 1551 1746 1595 confiribant
1772 1564 1847 1588 ante

1087 1598 1264 1642 Comitem,
1293 1599 1336 1632 Θ·
1362 1601 1510 1635 Scabinos
1526 1628 1536 1644 ,
1573 1603 1616 1635 (Ψ
1653 1603 1792 1636 Vicarios
1818 1617 1849 1637 e.

1084 1646 1165 1692 jus.
1193 1650 1246 1683 En
1274 1658 1314 1684 ut
1342 1651 1453 1686 malae
1480 1650 1589 1695 fidei,
1618 1661 1677 1688 aut
1706 1652 1849 1702 imperi-

1089 1698 1158 1733 tiae
1188 1699 1419 1736 Notariorum
1448 1701 1645 1738 consultum
1674 1703 1745 1747 est,
1774 1704 1850 1739 exi-

1089 1749 1201 1795 gendo
1237 1749 1279 1784 ad
1316 1764 1436 1786 eorum
1474 1752 1566 1787 Aeta
1605 1753 1846 1801 praestantiam

1088 1798 1272 1843 Comitis,
1300 1801 1333 1834 &
1362 1801 1614 1838 Scabinorum.
1658 1805 1698 1838 In
1736 1803 1847 1839 subse-

1088 1849 1211 1895 quenti
1239 1849 1347 1885 etiam
1376 1853 1470 1899 Lege
1500 1854 1597 1887 xm.
1625 1853 1845 1898 decernitur,

1088 1908 1127 1934 ut
1154 1900 1293 1946 quoties
1323 1903 1492 1937 Notarius
1521 1903 1703 1950 postremas
1729 1917 1847 1953 aegro-

1089 1950 1242 1985 tantium
1270 1951 1405 1987 tabulas
1442 1952 1704 2001 conscripserit,
1732 1954 1847 1996 statim

1087 2001 1209 2035 Charta
1250 2001 1427 2043 ostendatur
1462 2004 1515 2037 vel
1554 2015 1627 2039 ante
1669 2007 1845 2050 Comitem,

1078 2054 1109 2095 J
1111 2052 1234 2094 udices,
1261 2053 1315 2086 vel
1340 2053 1498 2097 Vicarios,
1525 2066 1582 2089 auc
1609 2055 1641 2088 in
1669 2056 1783 2099 Plebe,
1811 2066 1847 2090 ut

1087 2114 1186 2137 verax
1211 2103 1396 2149 agnoscatur
1421 2103 1497 2149 else.
1533 2106 1655 2152 Atque
1683 2105 1765 2141 haec
1792 2119 1846 2142 re-

1088 2152 1224 2197 media,
1251 2154 1365 2200 qualis
1394 2164 1476 2189 tunc
1504 2157 1645 2191 morbus
1665 2156 1767 2199 effet,
1796 2156 1845 2192 sa-

1087 2203 1133 2238 tis
1170 2203 1325 2240 indicare
1361 2204 1551 2241 videntur:
1590 2206 1683 2254 quod
1720 2207 1847 2243 adden-

1087 2253 1168 2289 dum
1207 2254 1251 2289 est
1293 2254 1363 2299 iis,
1407 2269 1493 2302 quae
1529 2256 1619 2292 infra
1655 2256 1770 2293 dicam
1806 2258 1846 2294 in

1088 2304 1338 2341 Differtatione
1369 2308 1533 2342 XXXIV.
1560 2309 1598 2341 de
1623 2309 1802 2355 Diplomat.

1139 2356 1307 2393 Notarios
1336 2366 1451 2393 autem
1480 2371 1593 2393 creare
1610 2386 1620 2403 ‚
1648 2358 1702 2394 uti
1729 2372 1845 2406 nunc,

1088 2406 1139 2443 ita
1166 2408 1200 2443 ὃ(
1227 2407 1316 2443 olim
1344 2409 1386 2443 ad
1424 2411 1553 2457 Regem
1573 2436 1582 2452 ,
1621 2418 1681 2445 aut
1707 2409 1748 2445 ad
1777 2412 1844 2446 Re-

1088 2458 1219 2506 galium
1258 2458 1386 2506 jurium
1424 2460 1611 2508 participes
1646 2460 1842 2508 speE’tabat.

1090 2509 1154 2546 Sed
1171 2510 1226 2546 vel
1244 2510 1303 2546 sub
1319 2509 1442 2559 primis
1465 2510 1661 2560 Religionis
1677 2511 1845 2548 Christia-

1730 2574 1794 2598 nae
