2185 3027
447 230 465 259 1

383 232 551 320 egisse-3311
579 273 648 311 suis
675 275 784 311 Villis
812 279 972 321 Decanos,
1000 290 1063 312 nos
1082 276 1142 311 do·

384 332 440 359 cet
467 325 680 361 Hincmarus
706 325 859 374 Epistola
884 329 947 362 IV.
968 326 1137 362 scribens:

382 376 541 420 Comites,
570 377 613 410 (9⁴
640 377 780 420 Vicani,
816 378 871 411 vel
897 378 992 412 etiam
1019 376 1141 412 Decani

376 425 520 470 plurima
554 427 682 461 Placita
718 427 929 468 constituant.
970 429 1139 461 Attamen

381 473 441 510 hic
469 475 625 524 Scriptor
652 487 726 512 tum
756 477 855 520 heic,
885 487 959 511 tum
981 477 1061 511 loco
1089 476 1138 511 su-

380 537 442 572 pra
469 526 610 561 laudato
640 527 831 561 [sicariorum
867 527 1011 561 nomine
1038 526 1137 574 figni-

380 575 484 611 ficare
513 577 652 612 videtur
688 577 779 625 ipsos
818 577 1041 619 Centenarios‚
1079 576 1140 623 qui

379 625 476 661 vices
518 627 675 662 Comitis
722 628 885 676 gerebant
930 627 967 662 in
1010 627 1110 674 Pagis
1132 654 1140 662 .

379 676 486 722 Quod
516 677 574 712 ubi
604 677 747 722 statuas,
776 678 826 713 ita
853 676 1079 721 explicandae
1107 691 1139 712 e-

378 736 462 762 runt
490 729 600 775 Leges
629 728 726 775 supra
765 738 1001 771 memoratae,
1038 740 1138 775 agen·
1181 730 1206 763 B

377 785 431 812 tes
459 786 497 811 de
525 780 660 812 Vicariis
679 780 712 812 &
734 778 955 821 Centenariis,
983 786 1022 812 ut
1049 777 1138 813 illud

378 830 428 862 Et
455 829 534 862 loco
561 832 634 862 ,Αιιι
663 827 862 875 usurpatum
884 827 1011 863 fuerit:
1042 829 1138 875 cujus

376 877 428 912 rei
456 879 616 925 exempla
643 878 730 912 alibi
753 879 931 926 complura
952 878 1136 914 habemus.

429 927 546 961 Venio
583 927 624 962 ad
661 929 868 972 Galialdios,
905 942 992 976 quos
1029 929 1136 964 etiam

375 976 554 1018 castaldius
590 977 646 1013 seu
684 978 923 1023 Gastaldiones,
959 979 1136 1015 interdum

374 1036 510 1062 veteres
538 1030 778 1076 appellarunt.
808 1030 923 1074 Quale
949 1029 1056 1065 fuerit
1077 1029 1136 1064 sub

372 1078 618 1125 Langobardis
647 1080 800 1126 Regibus
827 1093 947 1115 eorum
986 1093 1109 1115 munus
1126 1107 1136 1124 ‚

374 1127 444 1162 fine
472 1129 546 1162 ullo
573 1130 718 1176 negotio
746 1143 787 1164 ex
810 1129 888 1173 ipsis
908 1131 1063 1178 Legibus
1083 1130 1132 1166 in·

372 1177 591 1226 telligimus.
619 1179 764 1214 Scilicet
790 1179 948 1214 Ministri
967 1207 977 1224 ‚
1007 1182 1134 1216 Procu-
1180 1179 1209 1211 C

373 1237 529 1270 ratores,
566 1229 599 1263 &
637 1230 834 1264 Oeconomi
873 1229 979 1277 Regis
1018 1229 1134 1275 fuere,

373 1277 542 1326 praefefilzi
570 1292 690 1314 eorum
728 1279 897 1315 Curribus
934 1278 1003 1314 five
1041 1293 1131 1327 prae-

374 1328 465 1372 diis,
494 1328 624 1374 Silvis,
652 1331 685 1364 8<
715 1329 794 1364 aliis
818 1329 1046 1377 patrimonii,
1075 1339 1134 1365 aut

374 1378 467 1413 Fisci
510 1379 614 1426 Regii
654 1379 854 1414 reditibus.
896 1381 1133 1426 Liutprandus

373 1430 451 1463 Rex
479 1427 516 1463 in
545 1431 641 1477 Lege
668 1431 730 1463 vt.
760 1430 841 1465 Lib.
869 1431 933 1465 VI.
961 1429 1045 1464 haec
1075 1430 1133 1465 ha·

369 1479 454 1513 bet:
484 1479 523 1512 Si
549 1480 618 1525 quis
645 1479 831 1521 Gastaldim
855 1491 912 1514 aut
938 1480 1042 1514 «Αέῗον
1068 1484 1129 1514 Re-

368 1529 424 1576 gis
452 1528 585 1574 (At-im·
610 1530 762 1564 Publicus
788 1529 835 1564 est
862 1529 899 1564 in
927 1529 1062 1565 Codice
1090 1532 1132 1564 E-

373 1578 468 1614 stenfi
487 1606 496 1621 ,
524 1579 618 1626 quod
646 1580 739 1616 idem
767 1579 973 1629 fignificat)
1009 1582 1135 1614 Curtem

372 1629 513 1675 Regiam
538 1631 653 1665 habens
680 1634 723 1665 ad
745 1632 1008 1677 gubernandum,
1038 1631 1081 1664 (φ
1100 1645 1136 1664 ex
1182 1627 1210 1658 D

373 1679 442 1727 ipsa
476 1682 573 1714 Curte
607 1681 707 1715 alicui
734 1681 805 1722 sine
834 1680 968 1727 juffione
1008 1681 1133 1728 Regis,

374 1730 477 1774 casam
513 1731 717 1765 tributariam
742 1732 797 1765 vel
823 1741 960 1774 terram,
989 1731 1133 1774 silveta,

372 1780 428 1814 vel
460 1791 556 1826 prata
589 1782 683 1826 ausus
710 1781 811 1825 fuerit
845 1783 961 1815 donare
996 1782 1064 1816 &aa
1102 1781 1135 1815 in

372 1831 506 1876 duplum
532 1842 692 1876 componat
709 1858 717 1866 .
756 1831 856 1866 Paria
884 1831 993 1867 discas
1021 1833 1038 1866 ὲ
1067 1833 1132 1867 Le·

373 1893 416 1929 ge
452 1882 759 1918 CCCLXXVIII.
799 1881 964 1917 Rotharis
1002 1882 1134 1930 Regis,

374 1931 472 1979 cujus
499 1931 583 1968 haec
610 1933 691 1969 sunt
719 1933 848 1968 verba:
887 1933 926 1966 51·
964 1933 1034 1979 quis
1070 1935 1134 1966 Ga-

369 1981 529 2027 staldius,
559 1995 615 2018 aut
641 1983 788 2029 quislibet
807 1983 911 2017 Absor
930 1984 1053 2029 Regis,
1072 1984 1137 2028 post

368 2031 527 2078 sust-eptas
554 2035 597 2066 (9⁰
623 2031 791 2076 commiffas
811 2032 875 2072 fibi
901 2033 944 2066 ad
957 2034 1135 2078 gubernan-

716 217 1150 275 ANTIQUIT.
1198 215 1461 261 MEDII
1509 219 1702 263 AEVI

1184 279 1217 313 A
1259 276 1340 313 Lib.
1370 290 1402 313 2.
1429 280 1515 327 Cap.
1545 282 1577 315 8.
1605 279 1646 314 de
1675 277 1786 313 vitiis
1813 280 2015 315 smmis:¹

1873 227 1956 277 136

1257 327 1441 369 Gastaldius
1461 330 1583 373 fuerit,
1610 329 1664 376 qui
1690 329 1776 375 Regi
1791 356 1800 371 ,
1837 331 1891 363 vel
1916 330 2016 364 Prin·

1256 378 1318 422 cipi
1345 379 1477 422 inservit
1504 380 1536 413 in
1564 380 1710 414 curandis
1737 379 1906 424 hospitibus
1923 406 1931 414 .
1959 383 2014 414 Ac

1255 427 1431 472 hujusmodi
1454 431 1581 476 propria
1608 430 1649 471 est
1668 428 1888 475 significatio:
1923 439 1958 462 ut
1985 433 2012 463 i.

1255 478 1325 510 dem
1345 478 1446 521 fuerit
1471 494 1507 514 ac
1532 481 1781 515 Architricltmts
1807 480 1859 512 vel
1885 483 2014 513 Oecono-

1254 540 1343 570 mus,
1384 529 1426 562 <9⁶
1463 530 1497 563 in
1523 531 1653 565 Palatio
1680 530 1886 564 Occidentalis
1913 532 2014 575 Impe-

1254 578 1387 621 ratoris,
1409 577 1481 624 jam
1507 582 1548 615 ab
1573 581 1701 614 Othonis
1721 580 1842 626 Dssagni
1867 580 2012 626 tempori„

1253 629 1332 671 bus,
1359 629 1525 676 Dapifer;
1544 632 1641 666 Haec
1668 630 1788 665 omnia
1815 630 1916 665 nullo
1935 629 2012 664 fun-

1251 677 1415 714 damento
1431 680 1585 715 constant
1597 708 1608 723 ‚
1619 681 1731 715 immo
1747 680 1868 725 sponte
1882 688 1988 714 ruunt
1999 706 2012 723 ‚

1252 728 1383 762 collata
1415 741 1494 763 cum
1522 730 1677 776 Legibus
1709 729 1807 775 supra
1844 741 2015 764 memora-

1252 778 1318 812 tis.
1358 779 1482 826 Neque
1518 778 1600 814 inde
1637 778 1793 814 nominis
1827 779 2015 824 Etymolo-

1250 828 1307 876 gia
1333 827 1531 864 deducenda
1555 829 1621 873 est,
1642 829 1732 864 unde
1759 829 2011 876 Spelmannus,

1249 879 1528 923 Amerbachim,
1564 881 1598 914 &
1626 879 1720 915 idem
1757 878 1896 915 Voffius
1931 893 2012 914 cen-

1250 928 1412 978 suerunt3
1452 929 1510 964 sed
1549 931 1667 979 potius
1695 930 1713 964 ὲ
1737 930 1908 977 gestemus,
1945 929 2014 964 hoc

1248 979 1293 1013 est
1325 991 1534 1026 praeponere,
1570 981 1770 1024 constituere,
1809 989 1848 1015 ut
1887 982 2013 1014 Eccar-

1248 1028 1309 1064 dus
1356 1029 1523 1078 opinatur
1558 1030 1595 1066 in
1640 1030 1747 1067 Notis
1794 1029 1836 1065 ad
1878 1032 2012 1077 Legem

1249 1080 1399 1115 Salicam
1424 1107 1433 1116 .
1475 1080 1604 1116 Adhuc
1645 1090 1761 1115 autem
1803 1079 1842 1114 in
1883 1079 2014 1126 aliqui-

1250 1130 1312 1165 bus
1351 1129 1474 1165 Italiae
1508 1131 1596 1165 locis
1632 1131 1668 1163 &
1703 1141 1831 1164 nornen
1865 1129 1899 1163 &
1936 1142 2013 1165 mu.

1249 1194 1312 1216 nus
1341 1181 1434 1216 idem
1461 1180 1693 1221 Gastaldiorum
1720 1179 1841 1227 viget,
1878 1191 1948 1213 non
1977 1192 2014 1214 a.

1249 1231 1316 1278 pud
1346 1230 1550 1278 Principes,
1588 1229 1643 1265 sed
1672 1229 1760 1277 apud
1799 1231 2010 1276 Magnates,

1247 1281 1308 1326 qui
1335 1283 1557 1315 Oeconomos
1586 1279 1654 1315 suis
1693 1279 1842 1327 praediis
1880 1278 2010 1325 praefe-

1247 1330 1322 1365 ‹stos
1349 1331 1526 1378 appellant
1552 1330 1696 1373 Castaldt
1715 1331 1747 1364 8<
1771 1329 1936 1370 Gustaldi.
1957 1328 2010 1364 Hi

1248 1381 1266 1414 ὲ
1286 1380 1567 1424 Mutinenfibus,
1585 1380 1730 1428 aliisque
1753 1379 1897 1427 Populis
1917 1392 2010 1415 nunc

1249 1431 1379 1464 Fattori
1405 1440 1673 1477 nuncupantur.
1712 1432 1751 1465 In
1789 1429 1912 1464 multis
1942 1432 2013 1464 Ro-

1250 1479 1358 1515 tbaris
1386 1481 1541 1529 Legibus
1567 1481 1677 1515 Curtis
1712 1481 1835 1525 Regiae
1874 1480 2011 1515 mentio

1249 1530 1402 1565 occurrit
1427 1557 1438 1573 ‚
1498 1540 1537 1566 ut
1594 1531 1633 1566 in
1687 1532 1821 1566 CLuI.
1879 1532 2011 1566 CLIX.

1249 1581 1360 1615 CLX.
1397 1580 1464 1614 ἃς.
1500 1593 1611 1626 eoque
1649 1581 1793 1615 nomine
1832 1581 2010 1615 Palatium

1252 1629 1428 1678 Regium,
1465 1630 1499 1664 &
1537 1630 1655 1665 Fiscus
1694 1632 1822 1678 Regius
1859 1629 2010 1677 defigna-

1251 1690 1329 1724 tur,
1351 1679 1404 1715 uti
1425 1679 1517 1715 regie
1546 1680 1796 1716 animadvertit
1818 1682 1874 1715 Du
1893 1679 2012 1715 Chan-

1252 1730 1328 1778 gius
1357 1731 1394 1764 in
1422 1730 1598 1765 Glossario
1625 1731 1780 1766 Latino.
1817 1729 1931 1777 Atqui
1971 1729 2011 1765 in

1251 1780 1402 1827 ejusdem
1431 1780 1536 1828 Regis
1564 1783 1659 1827 Lege
1687 1781 1870 1815 CCXXII.
1906 1779 2011 1815 statu-

1250 1841 1324 1865 tum
1353 1830 1496 1872 videas,
1525 1838 1564 1864 ut
1591 1829 1729 1876 quoties
1757 1829 2007 1877 consanguinei

1250 1879 1444 1915 vindistam
1474 1892 1544 1914 non
1573 1879 1708 1914 sumant
1736 1879 1777 1914 de
1804 1879 1935 1915 femina
1962 1879 2008 1915 li-

1251 1931 1328 1965 bera
1356 1930 1508 1964 nubente
1535 1933 1640 1965 Servo
1658 1958 1666 1970 ,
1704 1941 1776 1964 tunc
1810 1930 1903 1964 liceat
1940 1933 2007 1964 Ga.

1243 1980 1359 2022 staldjo
1386 1980 1508 2025 Regis,
1534 1990 1591 2015 aut
1616 1980 1752 2023 Afflori,
1790 1991 1846 2015 aut
1871 1981 2006 2015 Sculda.

1241 2031 1325 2075 seio,
1353 2030 1451 2076 ipsam
1479 2031 1512 2063 in
1539 2034 1664 2064 Curtem
1691 2030 1790 2074 Regis
1809 2032 1939 2073 ducere,
1963 2030 2008 2064 (9³

377 2083 453 2115 dum
480 2085 613 2126 Curres,
641 2093 699 2117 aut
725 2082 810 2126 casas
836 2082 959 2128 Regias
976 2109 986 2126 ‚
1013 2082 1140 2128 aliquid
1179 2073 1206 2104 E
1248 2081 1334 2115 intra
1357 2079 1489 2127 pensiles
1515 2081 1649 2114 ancillas
1675 2081 1876 2121 constituere.
1905 2080 2004 2115 Hinc

372 2141 429 2178 per
455 2133 655 2167 donationem
693 2133 734 2167 ab
771 2132 836 2166 alio
871 2145 1056 2179 quocumque
1086 2131 1137 2175 fa-

378 2180 460 2216 flam
488 2182 703 2229 conquisierit,
733 2181 781 2223 stt
808 2182 860 2216 illi
879 2182 1020 2225 stabile,
1056 2181 1138 2217 dum

378 2232 519 2267 accedat
549 2233 652 2281 Regis
681 2231 826 2268 scientia
862 2233 896 2267 &
934 2231 1114 2268 consensus
1132 2259 1139 2268 .

376 2283 431 2318 Ita
458 2284 492 2318 8<
521 2283 557 2318 in
585 2286 681 2331 Lege
709 2284 877 2319 LXXIII.
905 2281 1071 2319 Lotharii
1108 2285 1135 2318 Ι.

377 2334 579 2368 concedimus
602 2334 779 2375 Gallaldiis
804 2333 934 2376 nostris,
954 2337 1066 2368 Curtes
1084 2347 1135 2367 no·

368 2384 455 2425 stras
473 2385 715 2431 providentibus
734 2385 801 2418 &c.
823 2383 962 2429 Quibus
990 2397 1033 2419 ex
1060 2395 1134 2418 ver-

378 2434 430 2469 bis
458 2436 593 2478 elucet‚
630 2434 715 2483 quid
751 2434 841 2470 olim
878 2447 978 2469 curae
1005 2433 1136 2468 Gastal-

375 2484 515 2520 diorum
543 2484 868 2528 commendaretur,
895 2493 935 2520 ut
956 2492 1136 2532 propterea

377 2535 532 2573 assentiri
568 2535 690 2573 Voffio
726 2547 928 2584 nequeam,
970 2532 1135 2571 scribenti

1249 2130 1376 2172 habes,
1413 2143 1482 2164 non
1511 2129 1685 2165 modicam
1723 2129 1908 2165 Gastaldiis
1946 2143 2006 2166 au-

1248 2181 1447 2216 &toritatem
1476 2180 1640 2215 traditam
1678 2179 1847 2228 fimulque
1888 2179 2004 2216 Fisca-

1225 2262 1228 2271 ,
1247 2233 1337 2267 lium
1353 2242 1464 2265 rerum
1487 2230 1639 2278 aliquam
1658 2244 1774 2266 curam
1791 2230 1889 2266 fuisse
1909 2243 2006 2266 com-

1224 2283 1228 2320 (
1252 2281 1404 2316 missam.
1434 2281 1497 2315 Sed
1526 2294 1645 2328 parum
1674 2281 1739 2316 hoc
1767 2280 1856 2316 fuit.
1883 2282 1942 2324 Jus
1969 2293 2006 2316 e-

1223 2323 1226 2380 ἰ
1249 2332 1335 2367 tiam
1362 2329 1545 2374 dicebant,
1581 2333 1615 2366 &
1652 2332 1732 2367 lites
1762 2331 1889 2379 Populi
1916 2329 2003 2366 diri-¹

1222 2382 1224 2425 l
1248 2383 1411 2417 mebant.
1447 2383 1592 2417 Elucere
1628 2381 1664 2416 id
1692 2381 1832 2417 videtur
1857 2383 1876 2416 ὲ
1903 2380 2004 2429 supra

1222 2429 1385 2467 llaudata
1423 2431 1566 2479 Pippini
1604 2432 1710 2481 Regis
1749 2432 1873 2468 Italiae
1908 2433 2006 2479 Lege

1159 2452 1170 2583 Ι
1219 2467 1223 2573 l

1248 2484 1348 2517 VIII.
1383 2482 1444 2517 ubi
1483 2483 1634 2530 Populus
1672 2482 1838 2531 justitiam
1879 2480 2005 2516 habere

1247 2533 1386 2581 jubetur
1413 2543 1479 2568 tam
1504 2535 1526 2568 ὰ
1551 2533 1724 2569 Comitibus
1743 2533 1835 2579 fitis,
1861 2533 1953 2587 qufim
1973 2544 2005 2575 e.-

1873 2591 1954 2616 nam
