2185 3027
169 233 248 275 133
497 213 976 259 DISSERTATIO
1038 212 1343 262 DECIMA:
1594 238 1677 279 134

108 276 229 313 saltem
259 289 300 311 ex
329 274 447 312 decem
484 275 631 311 familiis
668 275 861 311 constaret.
903 277 937 311 A
977 274 1198 321 Langobard.
1228 278 1269 309 Ut
1296 278 1401 311 nullus
1436 280 1521 314 homo
1557 280 1588 317 in
1627 281 1734 317 Placi-

108 330 148 364 In
170 328 350 363 Chronico
373 326 626 362 Fontanellenfi
648 327 778 374 legitur
795 327 863 360 Vil-

107 379 140 413 la
172 378 236 420 fita
263 378 295 412 in
331 381 418 425 Pago
444 376 625 420 Oximenfi‚
665 378 697 410 in
724 380 864 412 Centena

107 429 326 472 Novhzcenle,
365 430 396 462 in
432 432 572 462 Centena
608 427 864 471 Alancionense,

108 479 174 514 hoc
203 479 247 514 est
275 479 310 513 in
339 478 492 513 distri&u
514 479 547 512 δε
569 478 750 513 territorio
773 479 864 513 Cen-

102 530 321 564 tenariorum
363 529 562 564 eorumdem
604 529 783 563 locorum.
826 529 866 562 In

107 579 242 615 militia
274 581 457 614 Decuriam
487 589 546 614 aut
573 579 780 614 Centuriam
805 578 865 612 sta-

107 638 205 665 tuere
233 629 443 665 facillimum
465 629 528 664 est.
558 631 640 665 Non
669 629 719 664 ita
744 628 781 664 in
803 630 864 663 Pa-

110 681 191 729 gis,
228 693 315 728 quae
349 680 457 715 modo
492 682 570 726 plus
607 679 712 715 modo
749 679 865 714 minus

109 731 305 766 incolarum
334 731 543 765 continent,
570 730 629 764 Ad
656 729 740 764 haec
769 729 866 777 supra

107 781 285 824 vidimus,
312 780 548 816 Walafridum
577 781 782 815 Strabonem
812 792 864 814 ae-

107 832 222 879 quasse
252 831 453 866 Centenariis
490 831 712 876 Presbyteros
750 829 864 865 Plebi·

109 883 172 917 bus
208 881 427 930 praefe&os,
469 881 606 916 Decanis
644 880 866 926 Presbyteros

108 932 287 968 minores.
330 931 477 979 Reliqua
516 929 605 979 apud
641 943 720 966 curn
759 929 781 964 fi
819 931 864 965 le·

107 995 188 1030 gas,
225 983 362 1018 nullum
391 983 500 1017 alium
538 983 631 1017 inter
668 981 803 1015 Comites
832 981 864 1015 δε

109 1033 313 1067 Centenarios
340 1032 581 1080 interpositum
621 1031 864 1079 Magistratum

105 1081 287 1116 invenies.
324 1082 423 1125 Quid
463 1095 546 1129 ergo
582 1081 712 1117 fastum
751 1081 865 1116 fuisset

104 1130 147 1165 de
182 1130 392 1173 Sculdasciis,
431 1131 558 1176 quibus
595 1133 667 1178 post
703 1131 863 1167 Comites

108 1181 226 1216 locum
262 1179 360 1215 fuiss‘e
397 1179 494 1228 supra
522 1181 759 1217 ostendimus?
797 1183 863 1217 At-

105 1244 174 1279 que
214 1230 292 1266 heic
335 1229 425 1265 mihi
467 1233 774 1266 commemoranda
820 1231 865 1266 est

107 1281 240 1318 Charta
280 1280 444 1317 Lucenfis
480 1282 589 1316 Anno
627 1282 862 1317 DCCXLVI.

106 1331 232 1378 scripta
250 1358 259 1374 ,
286 1344 390 1379 quam
420 1330 589 1379 proferam
619 1331 656 1366 in
686 1331 863 1366 Differtat.

107 1384 274 1418 LXXlV.
309 1388 348 1416 de
383 1382 563 1417 parochiis.
602 1381 655 1416 Ibi
693 1381 863 1417 Lucerius

105 1433 289 1479 Presbyter
329 1431 483 1476 fatetur,
522 1431 554 1467 se
591 1433 609 1466 a
645 1432 861 1479 Walprando

103 1483 278 1532 Episcopo
320 1482 531 1529 praefecium
573 1481 671 1518 fuisse
709 1482 863 1523 Ecclesiae

104 1533 216 1568 sanai
243 1533 331 1568 Petri
367 1533 400 1567 in
437 1534 497 1566 loro
533 1533 723 1578 Mosciano:
759 1541 863 1580 atque

104 1582 197 1618 inter
224 1591 334 1618 cetera
363 1583 433 1618 ait:
464 1583 507 1616 (9¹
533 1583 566 1616 in
592 1596 708 1616 omnem
727 1582 782 1616 vis
801 1586 860 1617 Ec-

106 1632 190 1673 desie
216 1631 407 1676 cunfirmafli
438 1645 505 1666 cum
539 1632 675 1676 consenso
711 1634 863 1679 Ratperti

106 1683 149 1716 (9⁴
173 1682 316 1717 Barbula
335 1681 551 1724 Centinariis,
576 1682 630 1714 vel
647 1683 685 1714 de
704 1692 770 1716 tota
789 1684 858 1716 Ple-

106 1745 178 1766 vem
206 1742 382 1778 congrecata
408 1745 454 1764 me
490 1730 522 1764 in
560 1730 628 1776 ipsa
651 1731 763 1773 JanHa
800 1732 863 1765 Dei

104 1781 258 1822 Ecclesia.
289 1782 384 1816 Hinc
408 1780 532 1823 habes,
555 1779 733 1827 praefuisse
762 1781 859 1815 Plebi

103 1829 334 1867 Moscianenfi
376 1843 446 1865 non
488 1842 627 1872 unum,
675 1829 729 1864 sed
776 1831 860 1866 duos

103 1881 333 1918 Centenarios
373 1880 528 1923 Laicos,
565 1880 733 1915 videlicet
767 1881 860 1925 loci,

107 1940 146 1968 ut
181 1932 232 1968 ita
271 1931 409 1974 dicam,
453 1932 652 1970 Praetores.
694 1930 779 1966 adeo
820 1941 859 1966 ut

103 1981 363 2031 quodammodo
404 1990 590 2028 appareat,
635 1981 776 2016 Plebem
817 1982 858 2016 il-

105 2034 173 2068 lam
202 2033 238 2068 in
266 2034 348 2067 duas
376 2033 550 2067 Centenas
571 2031 667 2065 fuiffe
687 2031 834 2066 divisam
851 2058 859 2067 .

104 2082 246 2119 Scilicet
273 2082 373 2118 Plebs
393 2095 463 2117 non
484 2095 585 2116 unam
609 2082 743 2116 Villam
765 2095 857 2116 com-

105 2132 345 2180 ple&ebatur,
379 2144 419 2167 ac
455 2130 635 2180 propterea
672 2133 689 2166 ὲ
726 2131 858 2167 duobus

106 2182 350 2226 Centenariis,
378 2182 434 2217 seu
462 2182 635 2225 Vicariis,
664 2181 730 2217 slve
760 2184 857 2217 Prae-

104 2233 239 2268 toribus
263 2232 457 2268 minoribus
476 2233 676 2281 regebatur⁴²
705 2235 858 2268 Fuerunt

106 2282 294 2330 aliquando
330 2283 364 2317 δε
399 2283 468 2319 duo
508 2284 670 2319 Comites
711 2282 748 2318 in
791 2296 857 2318 una

107 2334 223 2376 Urbe,
260 2341 299 2368 ut
326 2332 411 2368 alibi
438 2333 588 2369 ostendi⁰
626 2333 732 2379 Quod
761 2344 857 2369 extra

105 2382 362 2419 dubitationem
390 2382 455 2427 est,
487 2384 692 2420 Centenarii
722 2385 856 2432 Populo

105 2434 164 2470 suo
193 2434 245 2482 jus
272 2433 457 2477 dicebant,
484 2447 522 2469 ac
550 2434 681 2480 placita
709 2435 855 2469 celebra-

104 2485 211 2527 bant,
253 2497 322 2519 non
365 2483 457 2518 secus
498 2493 601 2533 atque
642 2484 857 2520 Sculdascii.

104 2536 251 2572 carolus
291 2535 443 2582 Magnus
480 2534 516 2570 in
556 2537 652 2584 Lege
692 2537 858 2572 xxxvi„

977 334 1007 357 to
1045 324 1229 359 Centenarii
1256 338 1351 371 neque
1377 330 1419 360 ad
1445 342 1568 365 mortem
1586 360 1595 376 ,
1638 346 1732 380 neque

977 375 1021 409 ad
1046 374 1220 409 libertatern
1242 375 1333 420 suam
1352 377 1577 424 amittendam,
1604 394 1661 417 aut
1687 395 1733 416 res

976 426 1173 470 reddendas,
1199 427 1254 460 vel
1279 426 1436 472 mancipia
1457 427 1633 472 judicetur.
1669 435 1734 467 Sed

977 488 1014 509 ea
1049 477 1153 510 omnia
1189 476 1222 510 in
1255 477 1433 523 praesentia
1468 479 1644 524 Comitum,
1680 484 1734 516 vel

977 524 1145 571 Mifforum
1169 527 1334 568 nostrorum
1354 526 1553 572 judicentur.
1574 530 1627 563 En
1648 544 1733 577 quae

979 576 1109 611 caussae
1151 577 1444 613 Centenariorum
1487 578 1732 615 au&oritaten1

978 625 1205 671 excederent,
1232 629 1266 663 8<
1288 627 1428 663 Comiti
1457 638 1516 663 aut
1539 629 1647 664 Miffo
1671 632 1736 665 Re-

978 677 1038 724 gio
1065 677 1280 713 dirimendae
1316 677 1558 714 servarentur.
1595 681 1736 715 Memo-

977 736 1098 762 rantur
1124 728 1232 763 etiam
1261 728 1298 764 in
1325 731 1421 777 Lege
1450 731 1546 766 XLI.
1576 730 1737 766 Ludovi-

979 777 1011 812 ci
1041 777 1096 812 Pii
1125 779 1273 822 Placitae,
1301 792 1379 826 quae
1405 781 1590 814 Centenarii
1610 790 1735 816 tenent.

979 829 1019 861 In
1059 826 1345 876 subsequentibus
1390 830 1540 878 ejusdem
1585 831 1736 880 Augusti

978 878 1132 925 Legibus
1159 879 1340 924 statuitur,
1377 891 1412 914 ut
1441 881 1560 916 Vicarii
1587 882 1630 916 &⁶
1655 886 1738 916 Cen.

978 929 1115 972 tenarii‚
1143 929 1198 975 qui
1218 930 1346 973 furones
1370 931 1426 964 vel
1451 933 1588 965 latrones
1615 934 1737 967 celave-

978 978 1061 1021 rint,
1086 978 1291 1023 judicentur.
1329 984 1370 1017 Ut
1397 982 1552 1025 Comites,
1592 983 1734 1026 Vicani,

977 1028 1017 1061 (9
1045 1030 1230 1064 Centenarii
1253 1032 1291 1066 de
1318 1031 1529 1072 constitutione
1556 1033 1651 1079 Legis
1669 1046 1738 1067 am-

976 1089 1181 1124 moneantur,
1209 1093 1271 1127 qua
1290 1080 1445 1126 jubetur,
1474 1091 1509 1114 ut
1532 1092 1659 1128 propter
1682 1082 1738 1127 ju.

969 1129 1095 1170 stitiam
1118 1135 1365 1176 pervertendam
1400 1143 1529 1165 munera
1555 1132 1662 1164 nullus
1688 1145 1739 1167 ac-

903 1183 934 1217 C
976 1179 1098 1224 cipiat.
1129 1179 1273 1222 Vicani,
1310 1188 1349 1215 ut
1377 1179 1474 1227 supra
1503 1180 1672 1229 opinabar
1699 1182 1736 1217 in

979 1228 1156 1263 Differtat.
1185 1230 1287 1264 vm.
1315 1231 1354 1264 de
1380 1230 1529 1266 Comitib.
1559 1230 1657 1267 fuifl‘e
1685 1232 1739 1268 vi-

978 1278 1103 1314 dentur
1146 1279 1341 1314 Vicecomites
1377 1281 1546 1316 Rurales.
1583 1286 1740 1317 Centena.

977 1328 1043 1373 rii,
1082 1338 1120 1364 ut
1155 1328 1239 1365 hinc
1276 1330 1383 1365 etiam
1421 1331 1588 1380 colligere
1624 1333 1737 1380 poffu-

977 1392 1075 1423 mus,
1112 1379 1222 1415 iidem
1259 1394 1297 1416 ac
1324 1382 1518 1426 Scttldascii‚
1559 1384 1737 1419 Praetores

977 1429 1112 1465 scilicet
1150 1432 1344 1478 Pagorum,
1381 1430 1449 1466 slve
1485 1432 1736 1469 castellorum„

977 1479 1140 1515 Edicitur
1166 1482 1274 1516 etiam
1302 1481 1340 1516 in
1368 1483 1463 1530 Lege
1491 1484 1640 1518 CLXV.
1669 1486 1738 1519 Ca-

976 1530 1045 1565 roli
1072 1531 1225 1580 Magni,
1262 1539 1301 1567 ut
1329 1531 1564 1568 incantatores
1601 1534 1739 1568 nullate.

977 1593 1035 1614 nus
1066 1591 1123 1627 per
1157 1582 1268 1628 aliqua
1298 1583 1443 1629 praemia
1477 1585 1498 1617 ἂ
1534 1584 1736 1628 Comitibus,

976 1633 1030 1664 vel
1056 1634 1256 1666 Centenartis
1281 1634 1393 1680 absque
1415 1633 1559 1676 distriffla
1578 1635 1738 1669 examina.

976 1681 1058 1716 tione
1102 1683 1304 1717 remittantur
1322 1709 1331 1718 .
1374 1683 1466 1719 Vide
1506 1684 1539 1718 δε
1583 1684 1735 1732 ejusdem

977 1731 1124 1778 Augusti
1160 1734 1273 1780 Leges
1309 1736 1389 1769 LV.
1416 1735 1450 1768 δε
1487 1736 1638 1770 LXXII.
1675 1735 1736 1771 ubi

977 1781 1159 1815 centenarii
1186 1782 1328 1828 quidem
1366 1793 1626 1828 memorantur,
1663 1798 1736 1820 non

978 1838 1093 1863 autem
1120 1832 1315 1876 Scuhlascii,
1343 1832 1405 1879 qui
1433 1842 1550 1868 tamen
1579 1842 1671 1869 certe
1697 1848 1737 1870 o·

977 1879 1143 1915 mittendi
1171 1894 1241 1915 non
1269 1892 1388 1926 erant,
1416 1881 1438 1916 fi
1466 1884 1485 1917 ὲ
1513 1884 1736 1920 centenariis

976 1929 1099 1964 diversi
1136 1929 1299 1976 fuissent,
1336 1945 1443 1978 quum
1471 1934 1504 1968 8(
1533 1933 1595 1982 ipfi
1634 1935 1735 1983 Pagis

974 1980 1008 2014 &
1037 1980 1196 2016 Castellis
1225 1983 1432 2028 praeessent,
1460 1996 1499 2018 ac
1521 1984 1655 2020 Placita
1676 1985 1737 2020 ha-

976 2031 1114 2065 berent.
1151 2030 1256 2066 Addo
1283 2034 1416 2081 Legem
1453 2035 1531 2069 Lx.
1568 2035 1736 2072 Lotharii

975 2081 1001 2114 Ῑ.
1031 2081 1203 2125 Volumus,
1231 2092 1267 2116 ut
1293 2083 1428 2117 Comites
1455 2085 1549 2126 nostri
1574 2085 1735 2120 licentiam

976 2131 1111 2165 habeant
1131 2132 1361 2178 inquisitionem
1383 2133 1485 2177 facere
1510 2135 1548 2168 de
1576 2136 1731 2172 Vicariis„

975 2180 1091 2226 (idest
1133 2182 1365 2217 Vicecomitibus
1406 2184 1621 2228 Ruralibus,
1667 2186 1731 2231 qui

974 2230 1015 2265 ad
1045 2232 1153 2279 Pagos
1181 2232 1200 2266 a
1227 2232 1372 2268 Comite
1409 2234 1642 2269 mittebantur
1677 2235 1732 2269 in.

973 2281 1108 2316 terdum
1127 2308 1137 2324 ‚
1186 2282 1391 2330 cognituri,
1444 2297 1526 2318 num
1577 2284 1670 2319 reE’te
1710 2286 1730 2320 ὲ

973 2331 1196 2367 Centenariis
1224 2332 1355 2381 justitia
1380 2332 1659 2382 ministraretur)
1688 2336 1732 2370 (9⁴

972 2382 1191 2426 Centenariis,
1219 2382 1273 2429 qui
1299 2383 1401 2430 magis
1424 2393 1549 2430 propter
1574 2385 1732 2431 cupidita-

972 2442 1054 2476 tem,
1090 2435 1182 2478 qutim
1206 2443 1331 2479 propter
1361 2433 1520 2479 justitiam
1549 2434 1732 2478 faciendam

965 2483 1139 2529 saepiffime
1165 2483 1292 2518 Placita
1316 2494 1444 2528 tenent,
1472 2485 1514 2518 (9‘
1541 2486 1651 2519 exinde
1670 2489 1731 2519 Po.

969 2537 1081 2582 pulum
1107 2533 1262 2581 affligunt
1286 2534 1456 2570 minorem.
1485 2536 1609 2583 Neque
1637 2534 1731 2571 secus

1062 2584 1080 2619 I
1134 2595 1155 2618 2
1577 2584 1680 2634 egisse
