2185 3027
366 232 449 282 ‘191

649 232 1056 296 ANTIQUJT.
1116 238 1353 283 MEDJJ
1408 241 1590 287 AEVJ

1793 250 1875 302 '192

305 290 455 323 reverias
484 289 605 326 Vafl'os
631 292 863 340 Dominicos,
893 307 931 332 ut
955 297 1060 334 inter·
1106 299 1157 343 A,
1180 299 1222 335 ad
1249 299 1347 336 suum
1376 300 1510 339 vietum
1548 318 1586 339 ac
1623 303 1717 348 iter,
1755 305 1773 340 ὲ
1803 307 1938 354 Populo

305 335 387 371 dum
418 336 596 386 splendido
623 344 680 377 Mi
705 358 789 380 orum
813 348 986 393 Regalium
1011 348 1060 384 of-

305 385 389 421 ficio
418 387 664 439 fungerentur,
706 397 739 431 &
769 410 827 445 per
856 398 1060 433 Provincias

302 437 453 485 proftc‘ti
494 442 614 479 abusus
656 447 853 492 tollerent,
890 449 923 482 ἃ
962 448 1058 483 suurn

302 488 428 534 cuique
477 491 530 540 jus
580 495 790 532 reddendum
846 498 1056 534 auRoritate

301 539 510 586 ampliffima
548 555 735 581 curarent.
775 547 954 583 Ludovici
998 549 1054 584 Pii

298 589 430 638 Legem
474 595 776 642 Langobardicam
818 609 873 644 54.
912 598 1054 644 habeo,

297 637 336 673 in
374 654 439 688 qua
479 643 669 691 statuitur,
707 657 745 683 ut
782 650 875 694 Miffi
911 650 1054 683 Domini.

296 689 346 730 ci,
370 701 468 729 extra
490 694 583 730 suam
611 697 837 740 Judiciariam
866 699 1055 743 conjeffum,

296 738 363 777 hoc
405 743 450 779 est
491 748 790 784 contmbutionem
833 750 1054 787 necessariam

1082 609 1088 788 t

1180 362 1251 385 non
1293 351 1496 400 accipiant.
1538 357 1633 390 Turn
1672 356 1724 390 ibi
1762 357 1933 393 additur:

1181 401 1265 445 Vaffi
1289 405 1364 436 verb
1389 405 1483 447 nostri
1510 406 1552 439 (9⁴
1579 406 1728 447 Ministri
1754 407 1815 441 alii
1835 435 1845 451 ,
1882 409 1938 455 qui

1180 452 1272 496 Mtffi
1300 453 1399 498 sunt,
1436 456 1616 503 ubicumque
1650 458 1823 501 venerint,
1864 458 1938 493 inde

1178 502 1347 547 conjeHum
1373 507 1548 552 accipiant.
1578 509 1694 552 Quam
1724 520 1794 542 rem
1818 517 1856 543 ut
1877 508 1937 544 sub

1176 553 1298 588 oculos
1334 555 1524 592 Le&orum
1567 558 1672 592 sistam
1695 586 1705 602 ,
1748 559 1934 605 producere

1176 602 1274 649 juvat
1317 606 1523 652 Placitum,
1566 609 1662 656 cujus
1704 608 1931 654 archetypum

1174 653 1248 688 vidi
1286 654 1323 690 in
1361 655 1487 705 insigni
1529 659 1724 694 Tabulario
1765 659 1930 695 Lucenfis

1172 703 1456 755 Archiepiscopi1
1468 734 1477 742 .

371 861 570 914 Johannes
601 864 636 902 8<
671 864 938 921 Heriprandus
970 869 1073 910 Vaffi
1109 869 1334 926 Imperiales
1366 873 1403 912 8<
1439 870 1544 914 Miffi
1578 872 1772 916 Ludovici
1805 876 1859 916 ΙΙ.

516 922 703 977 Augusti,
735 924 776 965 in
810 926 958 969 Placito
991 930 1150 969 Lucenfl
1184 930 1294 970 litem
1329 930 1522 973 dirimunt
1552 933 1599 973 de
1632 935 1709 974 Ec·

723 982 833 1026 clefia
864 987 996 1028 Sanffi
1030 987 1215 1043 Qunici,
1248 992 1370 1031 Anno
1404 992 1500 1045 857.

394 1099 452 1130 Um
478 1098 522 1131 ad
545 1099 695 1145 potestate
722 1104 842 1137 Domni
878 1104 1052 1139 Hludowi-

417 1147 445 1180 ci
470 1150 612 1194 perpetui
637 1153 781 1195 Augusti
810 1156 956 1200 partibus
987 1159 1048 1189 Tu-

286 1196 372 1240 sctae
400 1198 491 1242 Mff
517 1199 629 1233 direfii
651 1201 812 1247 suiffi’mus
840 1218 892 1238 nos
926 1206 1052 1249 Johan-

288 1258 349 1280 nes
378 1247 420 1280 (9¹
448 1248 688 1286 Heribrandus
711 1252 804 1288 Vaffi
829 1256 1052 1301 Imperiaks,

284 1295 482 1342 singulorum
497 1300 655 1335 hominum
675 1302 834 1344 justitiam
849 1305 1031 1348 faciendam
1044 1334 1054 1346 ,

289 1359 357 1380 cum
383 1348 569 1393 venissemus
596 1352 742 1386 Civitate
765 1358 852 1389 Luca
872 1383 882 1399 ,
919 1357 1053 1400 reseden-

287 1406 334 1430 tes
361 1411 415 1431 nos
435 1399 468 1432 in
488 1399 609 1442 juditio
636 1406 732 1437 Curte
760 1407 882 1439 Duc-ale
908 1420 973 1440 cum
1000 1408 1051 1449 Je-

288 1448 438 1483 remiam
481 1449 723 1499 Eoiscopum,
761 1455 804 1487 (9⁶
840 1456 1051 1491 Hildebran·

288 1497 372 1533 dum
401 1500 609 1545 Comitem,
645 1504 857 1538 Atelbertum
875 1534 884 1549 ‚
922 1506 1048 1549 Ratsre·

285 1549 360 1582 dum
379 1576 387 1592 ,
418 1550 460 1583 ἴθ’
488 1553 689 1597 Ratpaldum
708 1555 844 1597 Judtces
870 1556 962 1590 Sacri
987 1559 1050 1590 Pa-

286 1599 363 1632 latii
386 1613 406 1642 ;
441 1613 590 1648 erantque
627 1604 781 1646 nobiscum
820 1605 1050 1650 Ademarffls,

287 1650 561 1687 Teodernundus
600 1653 695 1689 Vaffi
738 1655 832 1690 idem
875 1656 1050 1704 Augusti,

287 1702 404 1742 Arda,
440 1703 660 1738 Cunimundus
695 1706 869 1740 scavinis:
905 1718 1051 1753 erantque

284 1751 440 1790 nobiscum
468 1753 560 1797 Offb,
589 1756 725 1798 Mimo,
763 1757 949 1803 Liutperto,
978 1762 1047 1791 Ru-

285 1802 418 1844 maldo,
447 1803 611 1849 Gisperto,
648 1807 748 1840 Audo
765 1833 900 1842 ......
920 1811 950 1852 J
953 1808 1047 1841 ohan·

284 1865 359 1894 nes,
388 1852 431 1886 ἔθ’
457 1854 573 1899 reliqui
599 1856 727 1892 multis.
757 1858 864 1903 Ibique
892 1858 925 1892 in
954 1859 1049 1899 nostri

282 1913 438 1936 venerunt
462 1905 640 1949 presentia,
670 1907 748 1949 idest
766 1909 911 1952 Gisulsus
929 1910 1043 1943 Advo-

281 1964 369 1987 eatus
403 1955 565 2001 Episcopii
600 1958 760 1992 Civitatis
796 1959 893 2003 ipsius
928 1963 1047 1994 Lucen-

276 2002 346 2044 fis,
375 2017 428 2038 nec
456 2019 515 2039 non
544 2008 587 2039 (θ’
613 2010 766 2042 „Andreas
792 2010 952 2044 „scavinus
970 2011 1044 2044 Ad.
1090 2004 1120 2036 D

284 2064 414 2087 vocatus
442 2056 633 2098 Monasterii
669 2059 802 2092 Domini
836 2061 1046 2104 Salvatoris,

278 2102 376 2143 situm
413 2107 566 2148 Sexturn,
608 2107 838 2143 altercationem
877 2112 1044 2146 habentes.

283 2155 421 2188 Dicebat
448 2155 509 2201 ipse
536 2157 680 2202 Gifitlsus
698 2161 889 2194 ,Ad-vocatus
905 2160 975 2206 jam
994 2162 1042 2195 di-

283 2204 329 2238 fii
357 2206 543 2252 Episcopii:
581 2222 656 2257 pars
683 2210 889 2246 Monasterii
920 2211 1043 2247 Domi·

283 2254 322 2290 ni
352 2257 543 2293 salvatoris
561 2285 672 2295 .....
701 2262 796 2295 malo
823 2261 972 2305 ordine,
1009 2264 1043 2297 8(

283 2307 469 2343 devestivit
499 2309 564 2352 jam
594 2310 728 2346 dietum
750 2312 976 2361 Episcopium
1003 2313 1044 2348 de

284 2358 435 2393 Ecclefia
473 2360 590 2396 ὃᾱηξὶὶ
629 2362 771 2408 Quirici
802 2363 839 2398 in
868 2365 948 2399 loco
976 2365 1042 2398 Ar·

285 2421 363 2447 me.
392 2423 471 2445 cum
499 2424 551 2447 res
579 2413 620 2447 ad
649 2426 703 2448 eas
725 2413 958 2460 pertinentes:
982 2427 1041 2448 un·

1095 1106 1120 1139 B
1165 1106 1297 1150 Arme,
1336 1106 1390 1142 sed
1420 1106 1559 1150 nescio,
1597 1107 1619 1141 fi
1649 1120 1725 1153 pars
1752 1108 1928 1144 Monaste.

1088 1555 1118 1587 C

1163 1157 1206 1191 rii
1247 1160 1355 1192 Sexto
1398 1156 1581 1191 Basilicam
1617 1156 1727 1201 ipsam
1768 1157 1923 1193 habead:

1164 1208 1247 1242 volo
1274 1207 1356 1242 inde
1383 1207 1509 1241 habere
1518 1232 1635 1241 ......
1663 1206 1704 1241 da
1726 1216 1822 1253 parte
1843 1210 1928 1242 Mo-

1164 1257 1320 1292 nasterii.
1358 1258 1405 1290 Et
1447 1255 1558 1303 postea
1595 1256 1675 1292 inde
1713 1257 1927 1293 mittendum

1164 1307 1358 1341 rationem.
1399 1307 1549 1351 Qualiter
1567 1307 1652 1348 ficut
1688 1307 1750 1353 ipse
1775 1309 1929 1343 Andreas

1161 1356 1314 1398 dixerat,
1352 1357 1497 1391 wadiam
1533 1358 1622 1391 dedit
1658 1358 1731 1392 inde
1768 1357 1929 1403 inquiren.

1161 1408 1256 1450 dum,
1285 1408 1327 1440 (9⁶
1353 1408 1505 1440 rationem
1533 1408 1591 1441 mit
1606 1433 1744 1443 ......
1772 1408 1839 1454 Ipse
1865 1409 1925 1442 Gi-

1161 1457 1261 1500 [ulfus
1286 1459 1477 1491 ,Advocatus
1503 1459 1593 1492 dedit
1618 1460 1733 1493 wadia
1758 1460 1795 1491 de
1812 1459 1925 1504 plaido

1162 1509 1194 1540 in
1222 1507 1388 1548 constituta
1413 1507 1464 1541 die
1491 1508 1525 1541 in
1552 1509 1657 1543 eadem
1694 1511 1790 1542 Curre
1816 1511 1927 1543 Duca-

1161 1557 1211 1601 ἷζε,
1248 1557 1304 1589 ubi
1339 1557 1373 1589 in
1405 1556 1527 1600 judicio
1564 1559 1768 1598 residebamus
1801 1559 1924 1604 presen-

1163 1606 1211 1640 tia
1238 1604 1360 1646 nostra,
1389 1617 1517 1652 quorum
1535 1632 1670 1641 ......
1703 1617 1812 1652 traque
1834 1608 1925 1653 pari.

1162 1669 1208 1690 ter
1233 1665 1406 1690 venerunt.
1435 1658 1482 1690 Et
1509 1656 1588 1703 cepit
1608 1657 1670 1703 ipse
1690 1657 1834 1700 Gisulfus
1853 1670 1926 1704 que.

1163 1720 1246 1749 rere,
1276 1705 1359 1746 ficut
1386 1707 1504 1740 dudum
1521 1734 1529 1747 ,
1567 1708 1649 1753 quod
1675 1707 1846 1747 Basilicam
1875 1708 1924 1754 ip.

1161 1756 1227 1803 [am
1255 1756 1367 1801 injuste
1391 1767 1467 1803 pars
1493 1758 1683 1800 Monasterii
1722 1761 1815 1791 Sexto
1841 1758 1924 1791 deti.

1163 1817 1266 1841 neret.
1294 1808 1418 1854 Respon
1435 1832 1572 1841 ......
1597 1808 1632 1851 se
1667 1810 1820 1842 Andreas
1845 1808 1924 1842 Ad.

1162 1868 1320 1891 vocatus:
1347 1858 1386 1891 de
1416 1855 1595 1891 Bafilicam
1636 1856 1743 1902 ipsam
1781 1855 1923 1892 edifica.

1162 1918 1232 1943 tam
1262 1907 1299 1942 in
1327 1906 1458 1942 honore
1486 1906 1603 1942 Sanc'ti
1631 1907 1775 1953 Quirici
1802 1907 1838 1942 in
1868 1908 1922 1943 lo.

1161 1972 1202 1993 co
1232 1960 1361 1993 Armae
1397 1956 1561 2004 inquifivi
1601 1971 1675 2003 pars
1711 1957 1918 1995 Monasterii

1161 2012 1288 2052 Sexto,
1317 2008 1371 2043 sed
1402 2007 1580 2043 Bafilicam
1611 2007 1720 2056 ipsam
1750 2007 1918 2044 ficut...›.

1160 2059 1227 2095 sam
1257 2060 1290 2094 &
1319 2073 1388 2107 quo
1414 2069 1533 2102 operta
1561 2057 1630 2102 est,
1669 2072 1746 2094 cum
1776 2059 1915 2103 portico

1160 2111 1201 2145 de
1228 2120 1308 2145 ante
1336 2109 1367 2144 se
1395 2108 1564 2151 habente,
1602 2110 1621 2143 ὲ
1649 2119 1747 2156 parte
1774 2109 1919 2156 Episco-

1162 2160 1212 2208 pii
1254 2161 1354 2209 hujus
1390 2159 1554 2194 Lucenfis
1599 2172 1673 2207 pars
1710 2159 1917 2196 Monasterii

1160 2215 1267 2247 Sexto
1293 2223 1361 2245 non
1390 2209 1627 2252 contradicit,
1656 2210 1739 2258 quia
1766 2224 1787 2245 n
1805 2237 1915 2247 .....

1160 2262 1248 2309 parti
1276 2259 1425 2309 ejusdem
1455 2260 1659 2296 Monasterii
1686 2260 1859 2310 pertinet,
1880 2262 1915 2296 &

1157 2313 1198 2347 de
1237 2325 1288 2347 res
1325 2311 1365 2346 ad
1402 2310 1474 2359 ipsa
1511 2311 1656 2347 Bafilica
1692 2311 1910 2360 pertinente,

1156 2363 1196 2397 de
1232 2363 1359 2410 quibus
1396 2375 1451 2396 me
1489 2362 1633 2398 mallasti
1655 2390 1665 2405 ,
1707 2362 1800 2410 quod
1837 2375 1917 2409 pars*

1156 2412 1303 2461 prediEH
1334 2412 1540 2448 Monasterii
1570 2414 1660 2461 parti
1693 2412 1842 2461 predi&i
1870 2414 1916 2447 E-

284 2461 326 2496 de
353 2461 530 2508 querimus
569 2462 693 2499 habere
731 2464 895 2512 justitiam
911 2490 1044 2500 ......
1083 2464 1111 2496 Ε
1154 2462 1302 2512 piscopii
1346 2464 1630 2513 contradiceret3
1674 2477 1796 2499 verum
1842 2476 1914 2498 non

281 2513 500 2546 Aivocams:
537 2512 608 2549 scio
636 2514 822 2551 Basilicam
860 2515 969 2556 ipsam
1006 2515 1044 2549 in

281 2562 414 2598 honore
441 2563 558 2600 §aneti
587 2565 731 2610 Quiriti
761 2566 800 2602 in
822 2566 942 2605 eodem
964 2566 1044 2601 loco

1151 2513 1221 2557 est,
1258 2514 1340 2561 quia
1378 2514 1490 2550 nichil
1518 2515 1560 2550 de
1595 2515 1695 2550 rebus
1735 2513 1911 2559 pertinen·

1152 2574 1222 2600 tem
1251 2565 1292 2602 ad
1320 2565 1430 2614 ipsam
1459 2565 1642 2602 Bafilicam
1680 2578 1757 2614 pars
1785 2565 1913 2598 Mona-

1768 2612 1862 2650 sterii
