2185 3027
456 203 530 244 131
763 190 1149 251 ANTIQUJT.
1200 195 1422 240 MEDII
1472 198 1650 242 AEVI

1871 218 1952 260 132

391 257 453 278 cere
479 246 698 293 quefiert'mus‚
734 250 777 284 (9⁴
811 265 871 286 non
907 256 1151 301 conpleverimus
1187 257 1219 290 A
1251 270 1336 292 mus.
1370 258 1625 308 Du-Changius
1656 260 1673 294 ὲ
1703 257 1833 294 Charta
1864 262 2008 298 Bavari-

389 294 441 328 hec
467 298 592 338 omnia,
621 299 705 341 sicut
725 300 870 348 superius
898 305 1016 351 legitur
1032 333 1042 349 ‚
1078 317 1151 340 tunc

390 358 539 403 conpqnat
562 360 638 395 pars
660 352 764 397 partis
781 380 791 397 ‚
821 355 871 388 cui
897 356 988 402 culpa
1018 356 1149 391 inventa

383 395 516 443 suem,
549 410 627 445 pene
663 402 784 436 nomine
815 404 848 437 in
874 416 1002 451 argento
1031 406 1149 450 solidos

388 448 545 490 treginta.
573 453 621 484 Et
643 452 710 498 post
733 464 814 499 pena
852 455 1004 501 conposita
1029 457 1082 490 hos
1108 457 1144 490 li-

386 498 471 530 vello
498 499 530 532 in
556 501 616 544 sua
642 514 823 547 permaneat
843 504 1022 549 firmitate.
1061 508 1148 541 Unde

385 549 461 581 duos
486 550 598 585 livello
623 553 824 588 conventione
859 568 919 590 uno
953 559 1052 590 tinore
1078 570 1142 592 con-

376 597 492 645 scripti
512 601 609 645 sunt.

434 651 523 684 Ac‘ffo
549 654 681 689 Motina
701 655 861 699 feliciter.

433 701 568 747 Signum
597 706 638 747 αἰ(-
670 719 780 740 manus
815 708 976 743 Dominio-i
1011 711 1143 745 Monta·
1186 706 1214 740 B

383 751 489 795 narii,
517 754 572 798 qui
599 759 678 789 hunc
703 757 851 791 livellum
868 758 949 802 fieri
974 760 1125 805 rogavit.

432 802 566 847 Signum
591 806 633 848 ἦ(-
659 819 769 840 manus
795 809 954 843 Gaidaldi
979 813 1018 844 de
1043 813 1144 846 Sorba

379 851 418 885 de
448 853 518 886 Vico
544 856 583 887 de
610 853 801 901 Colecariaf
822 853 1139 904 eker‘cthiZi‘sT‘t'Este.

431 906 456 937 S
459 903 566 949 ignum
586 907 628 949 ἦ(-
649 910 1061 957 Μαηιιξὰῌὶῃὲςρςζξρήίῐο
1081 913 1137 947 Gi-

369 951 488 1003 [epfrtt'
513 961 551 989 de
577 958 757 1003 Calauria,
785 962 981 1005 exercitalis,
1008 963 1099 1005 teste.

427 1005 562 1052 §ignum
591 1008 772 1052 ›F'manus
798 1012 957 1061 Sigeperti
990 1014 1029 1048 de
1065 1013 1139 1048 Vico

375 1056 560 1098 Calecaria,
588 1060 784 1106 exercitalis,
813 1058 907 1104 testess
1025 1060 1043 1061 Π
1110 1060 1113 1061 ⁷

429 1109 472 1149 *E-
500 1111 571 1154 Ego
598 1113 773 1152 Ratpertus
808 1113 967 1147 Presbt'ter
1003 1115 1046 1148 &⁶
1073 1117 1136 1149 No-

373 1155 476 1191 tarius
494 1158 604 1201 sanffe
624 1160 814 1202 Motinenfis
833 1163 987 1207 Ecclefie,
1006 1165 1140 1211 scriptor
1175 1155 1206 1189 C

374 1207 465 1249 istius
492 1210 621 1243 Cartule
656 1210 767 1245 livellt‘
795 1214 1015 1258 conventione,
1045 1228 1161 1266 quaml

372 1257 441 1305 post
467 1259 590 1293 tradita
616 1261 782 1307 complevit
810 1263 853 1296 (9²
877 1263 984 1299 dedit.

426 1308 499 1344 Hic
532 1308 748 1358 Episcopus,
785 1313 842 1348 cui
873 1314 1048 1358 Deusdedit
1078 1328 1132 1350 no·

374 1371 456 1394 men
485 1358 579 1403 fuit,
617 1360 708 1395 idem
739 1362 784 1397 est
811 1377 849 1398 ac
879 1364 940 1411 qui
969 1366 987 1400 a
1017 1365 1135 1400 sillin-

374 1409 482 1456 gardo
520 1411 553 1444 ὃ(
595 1411 764 1455 Ughellio
802 1416 998 1461 appellatur
1029 1417 1131 1450 Adeo-

374 1463 489 1494 datus.
518 1460 575 1495 Ab
601 1460 724 1497 iisdem
746 1463 880 1499 editum
905 1464 949 1500 est
971 1465 1137 1513 Diploma

371 1511 554 1547 Ludovici
597 1512 674 1556 Pii,
711 1512 766 1548 sed
801 1515 1039 1561 praetermisso
1065 1517 1138 1564 ejus

371 1561 544 1606 nomine,
576 1563 669 1609 quod
706 1573 824 1600 tamen
853 1567 890 1602 in
923 1567 1138 1614 autographo

373 1611 530 1660 legitur:
559 1626 683 1655 nempe
709 1615 764 1649 vir
787 1617 981 1651 venerabilis
1000 1618 1136 1662 Deusde-
1176 1613 1218 1645 D‘

374 1662 426 1697 dit
463 1663 597 1704 Eccleste
633 1666 829 1707 Mutinensis
865 1667 1062 1714 EpIJcopus.
1098 1670 1138 1702 In

373 1713 468 1749 calce
506 1714 589 1748 haec
627 1715 735 1750 etiam
764 1716 814 1751 ita
845 1717 924 1752 sunt
960 1717 1137 1752 restituen-

374 1762 444 1798 da:
481 1766 653 1799 Durandus
681 1766 840 1800 Diaconus
865 1770 909 1801 ad
937 1768 1036 1802 vicem
1064 1768 1136 1803 Pri-

373 1813 482 1861 dugt'fi
505 1816 686 1861 recognovi.
712 1819 801 1851 Data
823 1820 876 1852 VI.
900 1819 974 1852 Idus
998 1820 1136 1853 Februa-

372 1865 462 1909 rias,
490 1869 591 1900 Anno
617 1866 740 1908 Christo
764 1868 899 1914 propitio
925 1870 983 1904 IX.
1012 1868 1141 1916 Imperii

373 1917 493 1950 Domm‘
524 1917 703 1951 letduvici
725 1917 859 1963 pir'ſjimi
885 1919 1050 1965 «fugasti,
1086 1922 1135 1954 In·

373 1966 511 2000 diHione
545 1969 615 2001 XV.
653 1969 893 2003 Memor-atum
932 1969 968 2004 in
1006 1968 1138 2004 Charta

374 2015 439 2050 hac
470 2016 586 2051 videas
623 2021 779 2062 quondam
815 2019 985 2052 Marinum
1011 2019 1137 2064 Episco-

372 2075 468 2112 pum.
497 2068 543 2101 Et
571 2065 629 2101 hic
657 2066 755 2102 fuisse
784 2067 923 2104 videtur
947 2068 1138 2117 Episcopus
1177 2063 1204 2095 Ε

373 2115 608 2159 Mutinensls,
646 2117 744 2165 cujus
781 2119 877 2154 nulla
905 2118 974 2154 alia
1002 2119 1139 2155 mentio

375 2166 420 2201 est
457 2166 493 2201 in
523 2166 688 2210 Chattis,
726 2181 838 2216 neque
875 2169 964 2216 apud
1000 2169 1136 2205 eosdem

375 2218 588 2263 Scriptores.
618 2219 738 2261 Atque
766 2218 848 2254 hinc
875 2220 983 2255 etiam
1012 2219 1137 2264 habes,

374 2269 576 2303 Bernardum
604 2268 720 2303 Italiae
746 2273 866 2316 Regem
893 2269 991 2306 fuiffe
1012 2284 1134 2306 renun-

372 2317 503 2353 tiatum
546 2329 605 2354 aur
642 2318 710 2354 hoe
746 2321 855 2355 Anno
895 2322 1133 2357 DCCCXUI.

372 2378 433 2403 aut
462 2369 621 2413 proxime
662 2370 903 2417 praecedenti,
941 2371 1014 2420 post
1041 2371 1134 2407 diem

371 2419 413 2452 X.
446 2419 611 2466 Augusti:
653 2433 724 2467 qua
760 2420 802 2456 de
829 2435 865 2457 re
903 2421 1004 2469 supra
1042 2420 1132 2457 mihi

370 2467 482 2504 sermo
504 2469 593 2506 fuit.
618 2470 876 2508 Animadverte
896 2472 1036 2520 insuper
1058 2485 1131 2507 ver·

372 2518 414 2554 ba
449 2521 533 2557 illa:
571 2535 624 2557 nec
659 2523 729 2565 ᾗῖιὲ
758 2533 815 2558 aut
845 2522 992 2568 fraudem
1022 2521 1132 2567 feceri-

1251 319 1290 342 ca
1317 308 1358 350 ad
1387 322 1507 345 vocem
1536 314 1647 345 Arata
1674 310 1820 345 deduxit
1847 312 1922 346 vim
1944 312 2007 348 hu.

1251 357 1304 405 jus
1341 360 1465 404 vocis,
1501 373 1609 408 quum
1647 359 1698 395 ibi
1739 359 1904 407 scriptum
1945 361 2006 398 fit:

1247 418 1428 455 perpetuam
1463 411 1644 453 laesionem,
1682 423 1759 457 quae
1795 411 1893 457 vulgo
1929 415 2008 446 Lem

1250 458 1390 503 dicitur,
1428 475 1488 496 non
1516 462 1675 506 inserant.
1714 460 1777 496 Sed
1805 460 1841 496 in
1870 461 2003 498 Charta

1250 509 1443 545 Mutinenfi
1480 510 1577 559 supra
1605 515 1681 545 Lem
1708 511 1801 546 linea
1840 511 1980 548 ducitur
1997 541 2007 557 ‚

1250 559 1300 595 ita
1329 570 1367 596 ut
1394 574 1467 597 vox
1494 561 1558 597 illa
1585 563 1759 609 completa
1785 562 1933 598 minime
1955 563 2007 598 vi-

1249 609 1391 655 deatur,
1418 613 1453 647 &
1479 612 1658 654 Laesionem
1688 612 1880 648 breviatam
1909 627 2005 648 com-

1251 661 1376 708 pleffi.
1393 662 1498 708 Quod
1516 663 1665 697 nostrum
1684 662 1728 698 est
1740 691 1749 707 ,
1771 665 1884 711 plures
1905 667 2008 699 Deca-

1248 711 1319 745 nias
1342 711 1421 747 heic
1445 711 1626 747 recenfitas
1650 712 1849 747 intuemur.
1874 715 2006 750 Omnes

1248 771 1365 798 autem
1392 761 1490 797 fuisse
1519 761 1683 797 videntur
1718 762 1752 796 in
1788 763 1850 796 loco
1876 766 2007 810 Colega.

1248 814 1317 857 ria,
1355 826 1447 848 nunc
1474 813 1650 859 Colegara‚
1689 813 1723 846 8<
1753 815 1860 862 vulgo
1889 814 2006 861 Colga.

1247 875 1302 898 ra.
1340 865 1444 899 Tunc
1472 873 1588 899 autem
1620 863 1808 911 Colegaria
1837 863 1943 900 fuerit
1969 878 2008 900 o.

1248 922 1362 960 portet
1401 916 1511 962 Pagus
1548 914 1682 962 major,
1719 913 1779 948 sub
1807 927 1877 961 quo
1903 917 2006 950 Deca-

1247 964 1319 999 niae
1359 964 1417 1000 sex
1458 966 1516 999 vel
1559 967 1674 1012 plures
1715 974 2004 1001 numerarentur.

1248 1016 1414 1050 Ceterum
1452 1014 1563 1050 adhuc
1600 1015 1637 1049 in
1676 1027 1758 1063 agro
1786 1014 2004 1060 Mutinensi,

1249 1065 1453 1101 Ferrarienfi
1466 1093 1475 1108 ,
1491 1067 1525 1100 δ(
1539 1067 1738 1100 Mantuano
1756 1064 1901 1111 superest
1915 1067 2006 1100 rnul-

1248 1115 1293 1150 tis
1315 1116 1351 1151 in
1372 1115 1461 1151 locis
1481 1115 1693 1151 vocabulum
1712 1117 1889 1160 Degagna,
1910 1114 2005 1161 quod

1246 1166 1411 1202 nonnulli
1423 1165 1460 1201 in
1471 1169 1623 1212 Tegagna
1633 1163 1878 1200 immutarunt.
1892 1167 2007 1200 Num-

1247 1217 1330 1262 quid
1359 1218 1376 1252 ὲ
1405 1215 1548 1251 nomine
1583 1214 1741 1249 Decaniae
1767 1213 1854 1249 istud
1891 1214 2007 1263 profe-

1247 1265 1342 1301 &urn
1370 1265 1461 1301 fuit?

1296 1316 1469 1363 Equidem
1498 1317 1616 1352 nullus
1642 1315 1766 1351 dubito
1784 1343 1793 1360 ,
1830 1314 1917 1363 quin
1945 1315 2008 1351 ha-

1245 1366 1297 1402 sce
1326 1367 1452 1413 Populi
1484 1367 1600 1402 rustici
1637 1365 1824 1402 divisiones
1862 1366 2003 1414 antiqui

1246 1417 1425 1462 Principes
1463 1417 1690 1461 invexerint,
1729 1417 1781 1452 uti
1818 1417 1852 1451 &
1888 1417 2005 1452 Muti-

1245 1467 1336 1502 nenfi
1374 1467 1411 1503 in
1441 1468 1535 1503 Urbe
1571 1468 1660 1502 olim
1698 1466 1830 1502 facium
1866 1466 1936 1502 fuit
1963 1467 2004 1503 de

1244 1518 1497 1564 Cinquaminis.
1533 1520 1573 1553 In
1601 1530 1677 1553 eam
1715 1526 1834 1552 tamen
1869 1516 2005 1553 senten.

1245 1567 1331 1602 tiam
1360 1567 1525 1611 inclino,
1559 1568 1652 1602 idem
1680 1567 1769 1602 olim
1798 1567 1895 1602 fuifl‘e
1923 1570 2006 1601 Cen-

1245 1618 1379 1653 tenarios
1400 1627 1503 1665 atque
1523 1617 1716 1662 Sculdascios
1744 1617 1842 1664 supra
1869 1629 2006 1652 memo.

1245 1678 1366 1711 ratos,
1401 1670 1436 1703 &
1474 1668 1532 1703 sub
1561 1667 1653 1703 hisce
1681 1666 1821 1703 diverfis
1848 1667 2007 1703 nomini-

1246 1719 1307 1753 bus
1344 1717 1480 1754 eosdem
1518 1718 1742 1766 Magistratus
1783 1717 1885 1752 fuiffe
1917 1716 2001 1752 desi-

1245 1778 1388 1817 gnatos.
1426 1769 1456 1803 Ii
1485 1767 1620 1803 scilicet
1646 1767 1821 1811 Sculdascii
1850 1767 2003 1813 plerum-

1245 1832 1310 1865 que
1338 1819 1554 1853 vocabantur
1591 1818 1608 1851 ὲ
1637 1816 1905 1862 ngobardis,
1943 1817 2006 1864 qui

1243 1868 1426 1903 centenarii
1442 1867 1574 1915 saepius
1591 1867 1854 1915 appellabantur
1866 1868 1883 1902 ὲ
1897 1870 2005 1902 Fran-

1243 1918 1292 1954 cis
1304 1946 1313 1954 .
1335 1917 1515 1965 Nusquam
1532 1918 1625 1954 enim
1642 1917 1776 1963 reperio
1793 1918 1896 1953 ambo
1916 1918 2002 1954 haec

1244 1969 1388 2004 nomina
1413 1968 1571 2004 adhibita
1598 1967 1720 2010 fimul,
1750 1967 1892 2015 perinde
1918 1981 2003 2016 qua-

1244 2018 1267 2054 fi
1295 2019 1414 2054 officia
1450 2017 1605 2054 diversa.
1642 2017 1831 2061 Diximus,
1867 2020 2004 2054 scalda.

1238 2070 1340 2114 scios,
1378 2068 1565 2117 praefectos
1593 2067 1689 2103 fuisse
1718 2069 1909 2117 majoribus
1939 2070 2002 2103 Pa.

1245 2120 1321 2168 gis,
1357 2119 1424 2155 five
1451 2118 1610 2154 Castellis
1638 2128 1706 2163 aut¹
1724 2118 1899 2166 Oppidis.
1937 2122 2005 2154 De-

1245 2171 1315 2205 cam'
1349 2169 1484 2205 fortaffe
1523 2169 1733 2216 praefuerint
1770 2169 1858 2204 locis
1885 2168 2003 2205 mino-

1244 2221 1366 2264 ribus,
1392 2219 1457 2254 hoc
1485 2219 1529 2254 est
1556 2219 1691 2255 Villis.
1718 2219 1906 2255 Sculdascii
1923 2247 1935 2262 ‚
1962 2226 2003 2255 ut

1245 2272 1392 2320 opinor,
1408 2270 1592 2305 Centenarit'
1607 2269 1773 2318 appellati
1789 2298 1798 2313 ‚
1819 2283 1889 2305 non
1908 2268 2003 2315 quod

1246 2331 1384 2357 centum
1426 2320 1597 2356 duntaxat
1637 2320 1786 2356 familiis
1821 2320 2004 2357 redderent

1246 2372 1340 2420 jura,
1377 2369 1432 2406 sed
1459 2371 1553 2419 quod
1589 2372 1643 2419 jus
1670 2371 1836 2407 haberent
1869 2371 1907 2406 in
1940 2372 2001 2405 Pa-

1245 2434 1326 2470 gum
1363 2422 1397 2457 &
1435 2435 1577 2470 agrurn,
1614 2433 1754 2457 centum
1795 2422 1916 2457 saltem
1952 2419 2003 2456 fan·

1246 2472 1356 2508 miliis
1385 2472 1613 2521 habitatum3
1651 2473 1703 2508 uti
1732 2474 1764 2508 8<
1796 2471 1918 2508 Decam·
1943 2483 2002 2518 ap-

1244 2523 1366 2573 pellati
1381 2550 1390 2568 ,
1418 2523 1511 2572 quod
1536 2523 1724 2574 praeessent
1746 2524 1864 2561 Villae
1877 2549 1904 2609 ‚s
1916 2533 2005 2607 quae

1901 2585 1917 2608 a
1935 2591 1950 2603 .
