2185 3027
366 219 453 271 '179

311 272 480 309 &illimus
497 302 506 319 ‚

310 325 487 361 Formulis
515 328 705 374 Marcuffi,
733 340 793 366 aut
820 331 857 367 in
885 332 1066 381 Capitula-

307 373 405 410 ribus
435 378 566 425 Regum
596 381 807 417 Francorum
837 396 963 418 nomen
991 382 1065 426 Vas-

300 425 407 469 Jbrum
423 437 509 474 kaut
535 429 690 474 Beneficii
715 434 852 475 Regalis
868 460 876 473 ,
905 433 956 468 ibi
985 445 1064 466 con-

306 475 410 512 tinuo
446 477 576 525 scripsit
604 479 658 528 agi
687 481 727 516 de
755 482 942 526 Beneficiis,
979 495 1066 528 quae

307 540 400 562 nunc
437 531 549 563 feuda
585 532 820 579 appellamus.
858 532 949 567 Vide
987 545 1066 580 prae

310 577 433 613 ceteris
472 581 617 615 Itterum
660 583 745 628 Cap.
789 584 815 618 Ι.
857 582 898 616 de
940 582 1065 617 Feudis

307 629 467 676 Imperii,
481 639 518 665 ut
531 630 618 666 alios
631 632 796 667 omittam
809 660 817 667 .
831 635 961 667 Verum
976 632 1064 668 mihi

307 679 462 714 nondum
481 679 561 715 satis
581 681 771 726 persuasum
795 683 839 717 est
857 711 867 726 ,
889 684 1065 717 Feudorum

309 728 466 765 indolem
482 760 490 774 ,
507 733 644 778 qualem
664 746 753 768 nunc
769 733 932 769 habemus
945 762 954 778 ‚
971 747 1064 782 repe·

307 779 370 815 riri
393 781 481 824 apud
508 792 639 817 veteres
671 786 838 817 Francos:
866 798 1064 832 quanquam

306 843 377 865 non
407 844 527 879 negem
547 859 555 872 ,
584 846 641 868 eos
670 832 813 879 posuisse
841 833 1065 870 fundamenta

308 880 458 927 ejusdem
488 881 744 926 institutionis,
781 885 814 918 8<
851 898 1062 933 quamquam

307 931 451 971 norim,
490 933 602 966 Feuda
638 946 776 980 quoque
814 935 967 979 Beneficii
1002 949 1062 971 no·

305 980 402 1014 mine
440 982 571 1017 seculis
610 984 855 1031 posterioribus
891 986 1063 1034 designata

306 1029 405 1065 suiffe
427 1057 435 1065 .
479 1032 540 1066 Sed
584 1047 691 1081 quum
734 1034 908 1071 Beneficia
944 1037 1064 1071 omnia

305 1081 556 1137 non-ejusdem
596 1083 722 1129 speciei
760 1084 845 1128 sint,
884 1096 1064 1134 propterea

303 1143 462 1166 nominis
491 1134 695 1169 communio
724 1149 941 1182 nequaquam
964 1137 1062 1172 evin-

306 1179 380 1223 cit,
408 1190 566 1217 veterum
594 1184 754 1228 Beneficia
781 1198 823 1220 ne
851 1186 963 1222 hilum
988 1187 1060 1234 qui·

304 1231 383 1265 dem
412 1231 430 1266 a
457 1233 575 1266 Feudis
601 1233 734 1269 diversa
757 1234 870 1270 fuiffe.
891 1239 987 1282 Quas
1007 1238 1060 1272 ha-

306 1281 406 1316 beam
445 1282 554 1317 adhuc
589 1282 763 1329 suspensae
799 1286 979 1328 opinionis
1016 1301 1060 1322 ra1

304 1330 443 1373 tiones,
469 1333 606 1379 accipe.
630 1334 808 1370 HaE‘tenus
828 1336 1062 1372 existimatum

305 1380 370 1425 est,
400 1381 490 1417 nihil
520 1384 614 1418 aliud
639 1384 736 1420 fuisse
758 1388 968 1421 Francorum
990 1388 1062 1427 Vas-

298 1431 377 1476 sos,
406 1431 466 1466 nifi
496 1433 556 1479 qui
586 1432 646 1468 fibi
675 1435 815 1470 collatis
839 1435 910 1479 jure
937 1437 1059 1481 Benefi-

304 1481 400 1516 ciario
429 1482 601 1529 praediis,
630 1484 765 1520 Seniori
795 1487 1000 1522 concedenti
1026 1487 1059 1522 fi-

304 1530 382 1566 dem
411 1546 450 1567 ac
479 1532 665 1569 servitium
704 1534 800 1571 suum
839 1536 1063 1585 obligabant.

303 1581 403 1617 Mihi
432 1592 552 1618 contra
581 1583 731 1632 suspicio
758 1586 955 1633 graviffima
977 1587 1061 1623 inse-

306 1631 360 1667 dit
377 1660 387 1676 ,
425 1632 516 1668 nihil
554 1647 639 1681 opus
667 1635 766 1671 fuisse
793 1637 949 1680 Beneficio
976 1638 1064 1684 apud

305 1685 480 1727 Francos,
519 1692 558 1719 ut
586 1685 768 1733 quisquam
799 1685 907 1732 Vaffus
943 1688 1062 1722 consti·

303 1742 490 1769 tueretur.
521 1736 605 1780 Vaffi
631 1749 758 1771 nomen
778 1764 787 1780 ,
816 1736 869 1771 uti
899 1739 1063 1773 Du-Can·

303 1783 405 1831 gius,
433 1783 680 1829 Boxhornius‚
709 1786 903 1830 Eccardus‚
932 1788 1065 1835 aliique

302 1833 400 1868 doffl
432 1833 511 1869 Viri
549 1835 896 1880 animadverterunt,
932 1851 1002 1872 non
1031 1851 1063 1872 a·

301 1882 424 1919 liunde
461 1893 583 1920 natum
622 1885 784 1930 videtur,
822 1887 885 1922 nifi
914 1889 931 1923 ὲ
959 1890 1062 1924 Cam-

304 1933 401 1969 brica
428 1947 516 1970 voce
543 1939 672 1980 Gwas,
701 1935 917 1985 significante
945 1941 1062 1973 Famu-

303 1985 391 2027 lum,
430 1986 636 2026 Miniftrum.
674 1987 772 2022 Olim
811 2001 892 2036 ergo
928 1989 1064 2024 nobiles

303 2034 405 2078 viri,
434 2034 490 2070 seu
519 2036 668 2071 militari
697 2037 840 2085 cingulo
876 2037 1034 2086 insigniti
1055 2066 1065 2082 ‚

307 2097 378 2118 non
406 2084 498 2120 secus
526 2099 565 2120 ac
593 2086 715 2121 nostris
742 2087 958 2135 temporibus
976 2116 986 2132 ‚
1023 2088 1064 2124 ad

308 2136 444 2182 Regum
481 2134 703 2172 famulicium
741 2137 949 2173 inhiabant:
988 2147 1062 2174 tum

307 2195 347 2220 ut
377 2185 574 2228 patrocinio
603 2186 800 2232 Principis,
823 2188 971 2236 aliisque
990 2191 1064 2225 Au·
1095 2229 1100 2239 ¹

305 2236 360 2271 lae
383 2235 512 2283 Regiae
535 2236 734 2286 privilegiis
755 2238 972 2284 fruerentur,
988 2249 1062 2274 tum

304 2286 411 2321 etiam
442 2295 480 2321 ut
510 2289 645 2336 Regum
683 2289 934 2325 liberalitatem
965 2290 1001 2325 in
1030 2290 1062 2325 se

304 2336 505 2372 derivarent
533 2337 658 2384 (quod
687 2340 892 2387 plerumque
930 2339 1062 2375 accide-

307 2387 397 2433 bat)
435 2396 537 2434 atque
565 2389 606 2424 ab
634 2387 678 2423 iis
706 2390 889 2435 Beneficia,
926 2390 991 2425 hoc
1019 2389 1063 2424 est

307 2436 558 2474 urumfruaum
597 2440 815 2487 praediorum
854 2440 1062 2483 Regianum,

306 2488 387 2523 dum
418 2487 491 2523 vita
519 2502 635 2525 comes
674 2490 777 2533 esset,
815 2489 1060 2536 consequeren-

307 2547 388 2575 tur.
416 2539 641 2588 Quicumque
677 2540 809 2578 nobilis
845 2540 887 2577 ad
923 2539 1061 2577 famuli-

661 219 1062 279 ANTIQUIT.
1124 219 1352 265 MEDII
1403 223 1585 267 AEVI

542 277 829 329 quotiescumque
855 281 1003 317 offendit
1030 281 1067 317 in
1109 280 1143 313 A
1185 280 1279 316 cium
1309 282 1483 332 Principis
1521 283 1791 328 adsciscebatur,
1827 285 1942 321 eidem

1105 2086 1132 2118 E

1801 229 1882 270 180

1185 331 1380 378 juramento
1396 333 1489 370 suam
1511 334 1718 370 fidelitatem
1735 335 1942 383 obligabat,

1184 391 1287 428 atque
1341 383 1467 420 exinde
1518 384 1625 430 Vaffus
1675 386 1939 432 appellabatur.

1185 431 1318 476 Vaffalli
1339 438 1420 470 vero
1444 436 1454 481 (
1472 435 1492 469 {i
1511 445 1624 470 tamen
1650 434 1716 469 fuit
1733 463 1741 476 ,
1758 435 1850 482 quod
1868 447 1938 470 non

1186 482 1309 526 credo,
1337 483 1429 520 inter
1457 484 1560 530 Vaffos
1586 487 1618 520 8<
1649 483 1801 531 Vaffallos
1820 484 1941 520 discri-

1185 544 1262 566 men
1282 533 1294 579 )
1322 533 1350 569 ii
1377 536 1567 584 nuncupati
1596 536 1781 578 videntur,
1804 534 1864 582 qui
1885 534 1941 569 in-

1181 580 1318 618 ferioris
1345 584 1479 620 ordinis
1515 596 1638 630 erant,
1675 587 1707 620 8<
1746 598 1852 632 aeque
1888 594 1941 620 ta-

1182 644 1261 666 men
1289 642 1393 681 atque
1421 637 1504 680 Vaffi
1532 636 1619 684 Regi
1655 636 1937 671 famulabantur„

1183 683 1266 726 Vaffi
1301 685 1334 717 ὃς
1374 684 1506 730 Vaffalli
1541 687 1642 731 RegIs
1677 694 1863 720 occurrunt
1899 685 1938 720 in

1180 731 1380 779 Capitulari
1423 734 1521 768 Anni
1564 736 1834 769 DCCCXXIH.
1875 734 1934 770 sub

1180 781 1366 817 Ludovico
1395 784 1479 818 Pio.
1518 785 1572 818 Ac
1610 793 1790 831 propterea
1816 783 1851 819 id
1881 797 1938 832 ge-

1179 844 1241 866 nus
1277 846 1348 867 non
1384 833 1558 882 ignobiles
1595 833 1741 878 famuli,
1762 843 1865 881 atque
1883 835 1939 869 in-

1179 882 1282 929 genui
1321 883 1416 927 viri,
1456 884 1664 932 Episcopis,
1700 884 1904 920 Comitibus
1926 913 1936 929 ‚

1179 942 1282 979 atque
1310 934 1510 969 Abbatibus
1530 934 1757 970 inservientes
1771 963 1779 977 ‚
1800 933 1859 970 etfi
1880 935 1936 969 in-

1178 984 1312 1018 terdum
1351 985 1435 1029 Vaffi
1461 998 1600 1032 quoque
1636 985 1820 1029 dicantur,
1865 983 1935 1019 sae-

1178 1032 1253 1078 pius
1282 1042 1398 1069 tamen
1428 1033 1632 1078 Vassallorum
1660 1035 1803 1070 nomine
1830 1034 1937 1070 dona·

1176 1083 1204 1118 ti
1234 1083 1412 1120 visuntur.
1451 1088 1604 1120 Fuerunt
1632 1085 1725 1120 enim
1758 1085 1934 1128 Ducibus,

1178 1134 1444 1170 Marchionibus
1457 1162 1466 1176 ,
1483 1134 1687 1170 Comitibus
1701 1162 1709 1173 ,
1730 1134 1912 1181 Episcopis
1924 1161 1935 1177 ‚

1175 1185 1208 1218 &
1237 1184 1376 1220 demum
1407 1185 1627 1225 Abbaribus‚
1658 1183 1813 1229 Vqffalli‚
1853 1183 1935 1219 idest

1178 1235 1314 1270 nobiles
1357 1233 1520 1273 Famuli,
1557 1234 1790 1276 Ministeriales
1827 1233 1935 1268 etiam

1179 1284 1375 1331 appellati,
1402 1283 1461 1329 qui
1492 1284 1672 1318 Senioribus
1708 1283 1801 1319 hisce
1837 1283 1934 1319 obse-

1179 1333 1300 1380 quium
1329 1347 1368 1368 ac
1396 1333 1576 1369 servitium
1607 1333 1838 1382 praestabant,
1867 1333 1936 1369 five

1176 1384 1216 1418 ad
1235 1384 1428 1432 augendum
1449 1383 1663 1432 splendorem
1686 1383 1911 1419 domesticum
1925 1411 1935 1428 ‚

1176 1433 1244 1468 five
1286 1434 1326 1468 ad
1375 1434 1566 1469 subeundos
1604 1448 1666 1482 pro
1703 1434 1751 1469 eis
1779 1434 1934 1469 militiae

1176 1483 1335 1519 labores.
1372 1486 1495 1532 Atque
1531 1484 1612 1520 inde
1653 1494 1769 1519 ortum
1808 1483 1932 1519 habuit

1178 1533 1300 1568 Italica
1322 1546 1393 1569 vox
1413 1536 1565 1580 signore,
1587 1548 1674 1581 quae
1694 1543 1810 1569 tamen
1839 1547 1935 1569 com-

1175 1582 1290 1618 munis
1317 1583 1362 1618 est
1390 1584 1504 1618 Gallis
1531 1586 1565 1618 8<
1594 1583 1781 1631 Hispanis.
1802 1585 1842 1617 In
1864 1585 1936 1618 Ita-

1175 1634 1222 1669 lia
1258 1642 1375 1669 tamen
1413 1646 1483 1668 non
1521 1633 1629 1668 solum
1659 1635 1677 1668 a
1705 1632 1839 1677 Vaffis,
1876 1632 1932 1668 sed

1175 1686 1192 1719 a
1220 1684 1347 1718 Colonis
1372 1684 1478 1718 liberis
1506 1683 1673 1732 appellati
1694 1682 1772 1718 sunt
1790 1684 1932 1717 Seniores

1177 1734 1347 1777 Domini,
1375 1734 1428 1769 uti
1457 1733 1574 1769 videre
1603 1743 1699 1781 potes
1726 1733 1763 1768 in
1788 1733 1932 1768 Chartis

1176 1784 1381 1820 Monasterii
1411 1784 1650 1819 Vulturnenfis
1678 1785 1769 1818 Part.
1791 1784 1837 1817 ΙΙ.
1858 1784 1934 1817 To-

1178 1836 1225 1870 mi
1255 1837 1281 1870 1.
1311 1837 1390 1870 Rer.
1419 1833 1571 1868 Italicar.
1600 1834 1725 1868 Altera
1754 1835 1835 1867 verb
1860 1845 1931 1868 vox

1175 1887 1320 1921 Padrone
1344 1893 1425 1919 nata
1452 1883 1496 1919 est
1523 1885 1540 1918 ὲ
1567 1887 1744 1926 Patronus,
1772 1895 1842 1929 quo
1869 1895 1932 1917 no-

1179 1935 1272 1971 mine
1300 1934 1466 1976 Liberti,
1495 1934 1620 1977 Aldii,
1648 1943 1751 1979 atque
1779 1932 1864 1976 alii,
1892 1940 1932 1968 ut

1178 1986 1342 2033 aiebant,
1378 1985 1597 2024 pertinentes,
1638 1982 1714 2018 suos
1757 1982 1933 2018 Dominos

1180 2035 1455 2084 distinguebant,
1483 2047 1589 2082 quum
1612 2033 1721 2068 adhuc
1742 2033 1784 2067 ab
1811 2046 1933 2069 eorum

1179 2088 1252 2135 jure
1280 2085 1482 2133 penderent:
1513 2084 1553 2119 de
1581 2097 1646 2131 qua
1675 2097 1710 2118 re
1737 2082 1774 2117 in
1802 2083 1932 2119 Differ-

1179 2137 1313 2172 tatione
1342 2138 1418 2170 XV.
1444 2137 1481 2170 de
1505 2132 1691 2180 Manumiff.
1712 2132 1823 2169 sermo
1843 2133 1932 2170 erit,

1179 2190 1369 2229 Ceterum,
1407 2194 1444 2220 ut
1480 2185 1579 2228 dixi,
1617 2184 1745 2219 necesse
1783 2183 1933 2220 minime

1179 2238 1275 2273 fuiss‘e
1310 2235 1449 2271 videtur
1490 2236 1530 2270 ad
1578 2233 1681 2280 Vassos
1725 2233 1934 2270 constituen-

1179 2288 1266 2331 dos,
1302 2295 1340 2322 ut
1368 2286 1522 2331 Beneficii
1557 2284 1748 2333 cujuspiam
1785 2284 1933 2320 collatio

1180 2337 1412 2386 praecederet.
1451 2336 1627 2372 Interdum
1655 2336 1692 2370 in
1721 2334 1796 2383 ipso
1822 2334 1934 2370 famu-

1179 2388 1278 2431 licii,
1316 2387 1371 2423 seu
1401 2386 1549 2433 Vaffinici
1575 2386 1720 2422 exordio
1748 2385 1780 2421 se
1809 2386 1935 2421 libera-

1179 2440 1247 2474 lem
1276 2438 1397 2474 Senior
1425 2438 1631 2486 praebebat3
1660 2435 1835 2472 interdum
1862 2435 1934 2481 post

1179 2489 1356 2536 probatam
1371 2487 1465 2524 Vaffi
1482 2489 1681 2525 diuturnam
1699 2486 1800 2523 fidem
1815 2514 1824 2529 ,
1837 2499 1933 2534 prae-

1179 2538 1243 2576 mii
1270 2541 1351 2576 loco
1378 2540 1427 2577 eis
1456 2542 1473 2575 ὲ
1501 2539 1664 2590 proprio,
1701 2538 1769 2574 five
1810 2535 1934 2593 Regali

1770 2596 1879 2638 patri-
