2185 3027
316 223 336 250 2

224 222 394 313 quazfriiiio
435 264 469 298 in
515 274 660 311 quartam
700 275 826 297 manum
868 260 984 296 traditi

219 316 325 362 sunt,
361 316 415 349 vel
446 315 525 356 ficut
560 315 612 348 illi
622 338 633 353 ‚
674 312 729 360 qui
769 324 822 358 per
858 325 985 346 manum

226 367 403 401 Sacerdotis
434 366 512 401 circa
541 365 690 410 sanflum
716 364 837 399 Altare
863 363 906 398 ad
942 363 986 396 li-

570 202 842 246 DIS-SERTA
849 201 941 242 ΤΙΟ
990 202 1175 257 QUIN&
1184 205 1480 246 &DECIMA
1491 232 1502 245 .

1090 260 1176 295 beros
1202 262 1406 297 dimittendos
1431 261 1558 297 dedum
1579 261 1657 306 sunt
1672 286 1681 294 .
1705 215 1850 305 Ἆζεῗίρε

1090 311 1259 348 Chartam
1287 312 1417 360 ipsam.

194 500 196 502 '
227 490 418 534 Rodulfus
450 493 486 531 8(
521 489 761 532 ΕυὶῑίεΙηως
806 489 940 532 fratres
970 488 1017 530 de
1059 486 1303 530 Valvisneria
1347 485 1580 529 Gualterum
1613 496 1856 543 agnomento

425 550 590 592 Orinale
622 552 787 592 Servum
819 549 930 592 suum
961 547 1143 590 libertate
1175 547 1345 600 donant,
1375 550 1498 588 Anno
1533 562 1656 601 1107.

204 562 220 569 ι

281 669 316 702 Ν
340 666 462 700 nomine
497 665 615 700 Sanfi'e
651 667 694 700 &¹
721 666 890 701 individue
916 666 991 702 Tri·
1018 663 1023 714 1

305 717 437 752 nitatis.
473 721 574 751 Anno
609 715 651 752 ab
678 718 896 752 Incarnatione
923 721 992 752 Do-

231 768 313 802 mini
341 767 434 809 nostri
451 768 534 811 Jesu
560 767 679 809 Christi
706 767 883 808 Millefimo
908 771 992 802 Cen-

232 818 338 859 tefimo
363 818 522 864 Septimo,
558 818 609 851 die
636 829 709 852 ante
736 819 901 853 Kalendas
927 821 992 853 Fe-

233 868 378 911 bruarii,
410 866 585 901 Indissi'ione
612 872 682 903 XV.
713 869 776 903 tibi
802 869 992 909 Gualtero,

233 917 295 964 qui
325 928 470 952 vocatur
497 918 669 962 Orinale‚
710 918 788 954 filio
816 919 992 966 quondam

233 967 400 1004 Gusberti
427 967 469 1003 de
496 968 718 1004 Valvisneria
735 998 745 1013 ,
773 972 880 1006 Servo
909 970 993 1018 juris

233 1018 339 1053 nostri
356 1045 366 1060 ,
393 1031 448 1052 nos
473 1019 597 1065 quidem
625 1021 658 1054 in
686 1021 751 1055 Dei
776 1021 899 1055 nomine
925 1025 994 1055 Ro-

233 1069 343 1112 dirlsus
380 1082 445 1103 una
480 1082 547 1103 cum
573 1070 717 1117 Coniuge
741 1072 909 1111 Matelde,
947 1070 994 1108 &⁹

234 1119 425 1153 Guitielmus
441 1120 600 1164 germanis
618 1120 710 1165 filiis
731 1129 887 1168 quondam
907 1122 993 1157 Rai-

233 1169 314 1203 nerii
339 1170 377 1202 de
405 1169 629 1211 Valvisneria,
665 1171 721 1217 qui
742 1172 866 1218 profeffi
885 1173 995 1217 sumus

232 1233 270 1253 ex
296 1219 422 1254 natione
448 1219 549 1261 nostra
576 1224 659 1267 Lege
682 1222 794 1256 vivere
813 1224 995 1269 Langobar-

233 1271 362 1309 dorum,
389 1270 511 1303 domim'
537 1269 583 1308 &⁴
609 1272 756 1311 domina,
784 1271 994 1316 benefaffores

234 1319 282 1357 όν
308 1319 482 1363 benefatrix
509 1321 578 1360 tui,
611 1322 766 1367 presentes
799 1321 995 1368 presentibus

233 1370 371 1404 diximus
396 1396 627 1406 .......
654 1373 699 1406 ad
723 1372 865 1406 meritum
890 1373 995 1406 anime

234 1420 330 1462 nostre
358 1420 399 1453 &
426 1420 591 1462 nostrorum
615 1422 770 1464 pertinere
801 1418 900 1464 potest
933 1429 995 1463 pa-

232 1480 354 1504 rentum
364 1483 384 1511 ;
419 1469 526 1509 neceffi’
552 1468 594 1508 est
620 1468 709 1500 nobis
733 1493 891 1502 .....
917 1481 995 1513 age—

230 1519 399 1564 geg-unde
423 1516 457 1549 in
477 1516 530 1549 hoc
549 1516 651 1559 seculo
671 1515 717 1554 &⁶
737 1518 770 1551 in
794 1517 903 1561 futuro
923 1519 993 1564 ple-
1021 1539 1025 1549 .

234 1579 311 1602 nam
345 1565 391 1604 &
428 1567 596 1601 maximam
632 1570 719 1613 apud
758 1569 994 1615 omnipotentem

234 1617 408 1653 Dominum
440 1617 586 1663 poffimus
632 1617 771 1665 consequi
813 1621 994 1655 mercedem.

234 1670 366 1714 Ideoque
392 1680 445 1701 nos
481 1668 688 1714 suprascripti
720 1669 840 1703 domini
867 1668 913 1707 ἔφ’
939 1672 995 1704 do-

235 1718 324 1753 mina
350 1728 408 1753 tua
436 1718 609 1760 statuimus
635 1729 666 1752 te
701 1720 907 1759 Gualterum‚
942 1720 997 1767 qui

235 1780 366 1804 vocatur
391 1769 576 1808 Oriaalem,
603 1796 627 1812 ,‚
655 1771 797 1804 Servum
821 1770 906 1818 juris
932 1784 996 1805 no-

236 1848 260 1865 „
287 1819 344 1855 stri
362 1847 372 1862 ,
409 1829 448 1854 ut
486 1819 612 1854 amodo
640 1833 659 1855 a
688 1819 835 1867 presenti
874 1820 931 1856 die
958 1821 995 1856 in

237 1897 261 1915 „
289 1879 390 1905 antea
426 1869 467 1904 fis
504 1869 637 1913 Liber,
677 1871 710 1905 8(
750 1870 926 1906 absolutus
955 1872 996 1906 ab

238 1947 262 1966 ,‚
289 1920 388 1956 omni
419 1920 563 1956 vinculo
598 1920 799 1957 servitutis:
844 1921 996 1957 Fulfreal

238 1998 263 2016 ,‚
290 1972 324 2006 δε
352 1970 515 2007 Amunth
543 1971 653 2007 faustus
681 1985 736 2008 es:
768 1972 879 2008 vitam
910 1972 997 2009 sern-

239 2049 264 2068 „
292 2035 351 2070 per
378 2022 484 2066 bene,
513 2023 547 2057 &
575 2022 749 2071 integram
777 2023 924 2059 deducas
944 2023 994 2059 in-

240 2099 265 2118 „
293 2073 531 2121 genuitatem.
559 2075 605 2108 Et
626 2073 693 2108 tibi
720 2087 738 2109 a
765 2074 913 2122 presenti
942 2074 998 2110 die

241 2150 267 2168 „
294 2123 335 2158 de
355 2134 505 2170 quatuor
523 2123 593 2160 viis
615 2125 812 2170 ambulare,
838 2134 898 2161 aut
919 2138 997 2160 cum

242 2200 267 2218 „
295 2187 364 2220 quo
401 2173 559 2210 habitare
594 2175 746 2211 volueris
772 2203 782 2219 ,
826 2176 999 2219 liberam,

242 2251 268 2269 „
296 2234 398 2271 atque
426 2224 655 2262 firmiffimam
686 2226 721 2262 in
749 2227 914 2262 omnibus
938 2227 1000 2261 ha-

241 2301 268 2320 „
295 2275 372 2310 beas
400 2276 600 2320 potestatem
619 2305 628 2321 ,
657 2278 690 2312 8<
719 2291 909 2327 congruam
937 2277 999 2313 Li-

241 2352 269 2370 „
295 2326 486 2370 bertatem,
523 2337 561 2362 ut
588 2327 766 2372 diximus,
805 2329 902 2376 juxta
931 2330 1023 2367 Le·¹

437 2390 498 2423 pro
526 2377 641 2414 anime
681 2379 792 2415 nostre
820 2380 852 2414 δε
883 2391 998 2427 paren·
1022 2386 1024 2402 ³

246 2403 270 2421 υ
298 2389 374 2424 gem
390 2405 398 2419 a

244 2453 270 2472 ‚,
297 2436 371 2462 tum
409 2427 600 2463 nostrorum
639 2430 822 2474 mercede,
865 2431 898 2465 8(
928 2443 1001 2478 par-

245 2504 270 2523 „
297 2486 369 2512 tam
392 2491 453 2526 pro
477 2488 627 2525 quatuor
652 2479 839 2517 Librarum
860 2480 1003 2516 Medio-

240 2555 268 2574 ‚‚
294 2528 467 2564 lanenfis.
490 2531 538 2565 Et
564 2542 676 2578 neque
696 2543 716 2566 a
738 2531 865 2578 nobis,
890 2545 1003 2581 neque

1206 628 1209 643 l

1097 692 1123 709 „
1149 665 1191 700 ab
1217 663 1401 700 heredibus
1429 662 1550 698 nostris
1569 663 1679 698 ullam
1700 674 1770 697 non
1795 662 1858 696 has

1097 743 1121 759 „
1151 718 1228 751 beas
1265 712 1590 763 reprehensionem,
1633 725 1696 748 nec
1735 711 1859 746 condi—

1098 793 1122 810 „
1150 765 1287 801 tionem
1315 764 1533 812 Servitutis3
1571 763 1627 799 sed
1654 772 1692 799 tu
1720 762 1758 797 in
1786 775 1860 810 per-

1099 844 1122 861 „
1152 826 1327 865 petuum,
1371 816 1406 850 &
1455 827 1598 850 omnem
1635 812 1861 861 agnationem

1099 895 1123 911 ,‚
1151 869 1185 902 &
1219 866 1475 916 ingenuitatem
1510 866 1543 900 &
1581 863 1862 912 procreationem

1101 945 1125 961 „
1152 927 1271 961 tuam,
1298 916 1321 951 fi
1348 915 1529 958 habueris,
1557 914 1594 950 in
1621 915 1721 962 plena
1746 914 1778 948 &
1808 913 1863 948 in-

1101 995 1125 1012 ‚‚
1153 978 1249 1017 tegra
1277 975 1415 1003 maneat
1444 966 1648 1004 Libertate,
1674 963 1758 998 sicut
1779 963 1862 1006 illi,

1102 1045 1127 1062 „
1154 1019 1216 1066 qui
1244 1017 1281 1053 in
1311 1015 1500 1065 quadrivio
1525 1016 1562 1052 in
1600 1024 1760 1062 quartam
1789 1026 1864 1048 ma-

1103 1096 1126 1113 „
1154 1082 1237 1104 num
1259 1068 1382 1104 traditi
1409 1068 1442 1102 &
1473 1066 1634 1102 Amunth
1655 1064 1739 1100 faffli
1760 1063 1863 1108 sunt,

1104 1147 1127 1163 „
1155 1121 1212 1155 vel
1240 1118 1326 1154 ficut
1354 1118 1434 1160 illi,
1463 1117 1524 1164 qui
1555 1130 1612 1155 ner
1638 1128 1781 1151 manum
1802 1117 1863 1150 Sa-

1103 1196 1128 1213 „
1156 1169 1308 1205 cerdotis
1347 1168 1439 1203 circa
1475 1166 1632 1202 sanetum
1671 1168 1795 1200 Altare
1822 1164 1864 1200 ad

1103 1245 1127 1262 ‚‚
1154 1219 1305 1254 Liberos
1333 1216 1566 1251 dimittendos
1594 1215 1734 1250 deduffi
1763 1213 1864 1251 sunt.

1103 1295 1128 1312 ‚,
1155 1268 1436 1314 Conceffumque
1470 1264 1511 1300 fit
1538 1265 1606 1301 tibi
1644 1265 1684 1300 ad
1713 1265 1863 1314 gratiam

1104 1346 1127 1362 „
1155 1328 1237 1354 tuae
1254 1315 1452 1352 Libertatis
1472 1329 1577 1350 omne
1597 1324 1696 1350 tuum
1718 1316 1866 1363 conqui-

1104 1393 1128 1408 „
1155 1367 1265 1408 stum,
1304 1365 1479 1410 peculiare
1514 1368 1597 1400 vero
1634 1375 1732 1408 tam,
1770 1366 1865 1414 quod

1106 1442 1128 1459 ,‚
1156 1428 1248 1451 nunc
1277 1415 1380 1451 habes
1396 1443 1409 1459 ,
1435 1416 1538 1463 quam
1561 1416 1597 1451 in
1620 1426 1721 1450 antea
1747 1416 1867 1464 acqui-

1106 1493 1130 1510 „
1157 1479 1230 1502 rere
1268 1466 1424 1514 poteris,
1462 1475 1500 1501 ut
1537 1465 1644 1501 iacias
1679 1465 1806 1501 exinde
1846 1480 1866 1502 a

1106 1543 1131 1561 „
1158 1516 1308 1565 presenti
1336 1517 1393 1552 die
1420 1527 1458 1552 tu
1486 1518 1518 1551 δ(
1542 1516 1680 1552 heredes
1701 1517 1777 1559 tui,
1805 1525 1866 1552 aut

1107 1594 1131 1611 „
1159 1567 1216 1603 cui
1246 1581 1308 1603 vos
1336 1566 1501 1602 dederitis
1531 1568 1605 1614 jure
1632 1567 1869 1615 proprietario

1108 1645 1131 1662 ,‚
1159 1618 1331 1666 quidquid
1353 1617 1464 1653 facere
1486 1619 1671 1653 volueritis
1685 1646 1693 1658 ,
1714 1617 1785 1659 fine
1803 1632 1866 1652 om-

1108 1669 1143 1703 ni
1170 1669 1271 1712 nostra
1298 1669 1344 1709 &
1370 1670 1514 1704 heredum
1540 1669 1708 1710 nostrorum
1744 1679 1867 1704 corztra—

1105 1718 1264 1754 diflione.

1156 1769 1282 1805 ..AEJum
1310 1770 1342 1805 in
1369 1771 1457 1805 domo
1483 1771 1696 1805 Maletalento
1714 1771 1753 1804 de
1772 1774 1868 1806 Ran-

1108 1834 1210 1867 zano,
1232 1821 1370 1865 feliciter
1387 1847 1396 1856 .

1158 1872 1294 1918 Signum
1308 1872 1516 1918 suprascripti
1528 1872 1676 1919 germani
1684 1897 1696 1912 ‚
1718 1871 1773 1919 qui
1790 1871 1870 1907 hanc

1109 1923 1261 1957 cartulam
1288 1922 1462 1957 Libertatis
1480 1922 1558 1967 fieri
1585 1926 1731 1969 rogavit.

1159 1974 1295 2019 Signum
1321 1973 1442 2015 testium
1470 1973 1614 2008 Gualtert
1641 1976 1679 2007 de
1701 1972 1869 2018 Valvt'sne-

1109 2023 1179 2062 ria,
1208 2023 1382 2058 Ribaldini
1407 2025 1446 2058 de
1465 2027 1531 2058 san
1543 2022 1584 2056 ‘Jo
1605 2027 1707 2058 Paulo
1721 2049 1870 2059 .....

1107 2076 1147 2108 de
1173 2077 1360 2120 Spezzano,
1396 2075 1583 2110 ,A‘rnaldini
1609 2074 1794 2113 Albinelli,
1821 2072 1868 2111 ἔφ’

1108 2125 1282 2164 Αηοίἑηί,
1310 2124 1356 2163 &
1383 2125 1507 2160 Ginelli
1533 2127 1571 2159 de
1599 2129 1779 2170 Raenzanm

1161 2178 1232 2222 Ego
1259 2176 1429 2222 Frogerius
1457 2176 1610 2210 Notarius
1632 2176 1724 2210 Sacri
1742 2174 1871 2210 Palatii

1104 2226 1172 2274 1⁷0st
1199 2227 1351 2261 traditam
1376 2226 1505 2273 scripsi,
1534 2227 1575 2260 (9⁴
1602 2228 1695 2262 dedi.

1161 2277 1300 2323 speetat
1327 2277 1458 2313 Charta
1496 2276 1580 2312 haec
1616 2277 1656 2312 ad
1694 2276 1868 2326 egregiam

1110 2327 1298 2373 Familiam
1328 2328 1370 2363 de
1398 2327 1607 2363 Vallisneria
1626 2356 1636 2371 ‚
1674 2341 1762 2375 quae
1789 2328 1868 2375 qui-

1109 2378 1187 2413 dem
1213 2379 1231 2413 ὲ
1252 2379 1375 2414 multis
1396 2378 1547 2414 Sacc-„113³
1568 2378 1603 2413 in
1627 2377 1784 2427 Regienfi
1806 2377 1868 2415 Ci-

1108 2428 1222 2464 vitate
1249 2438 1326 2464 tum
1354 2428 1511 2477 antiquis
1539 2429 1687 2473 Rudis,
1716 2439 1791 2464 turn
1818 2443 1868 2465 re-

1108 2479 1216 2527 liquis
1244 2479 1415 2528 speeiatae
1443 2480 1644 2516 nobilitatis
1678 2479 1867 2529 insignibus

1108 2529 1235 2576 floret,
1259 2532 1294 2567 &
1322 2531 1379 2569 cui
1406 2530 1623 2582 splendorem
1650 2545 1743 2568 nunc
1770 2531 1866 2567 addit
