2185 3027
264 237 280 261 l'

205 237 312 312 steri?
325 234 431 311 {exto
458 271 584 316 habet,
610 285 672 307 nec
701 273 834 306 nullam
863 271 903 306 de
931 285 963 306 e-

205 326 336 375 jusdem
354 351 464 360 .....
487 323 631 359 Basilice
653 321 866 370 pertinentia
889 335 964 370 pars

202 375 411 413 Monasteni
440 378 545 411 Sexto
574 373 745 422 pertinet.
773 373 911 416 Profefflo
930 387 966 407 ac

191 428 291 472 'fabia
316 427 430 461 reHum
458 426 545 459 nobis
568 425 678 472 paruit
705 423 780 468 effe,
810 425 851 457 Θ·
874 423 963 469 judi.

202 479 367 519 cavimus,
395 488 430 511 ut
454 488 528 522 pars
539 501 654 511 ......
692 474 837 515 Lucensis
869 474 965 519 juxta

203 530 302 563 eidem
329 532 496 563 Anco-mm
529 526 705 573 proseffione
734 525 807 569 jam
846 525 965 559 diHam

204 579 402 621 Basilicam,
428 577 576 624 porticale
602 588 676 611 ante
696 576 752 621 se,
780 587 872 622 atque
898 588 965 609 cum

205 631 296 664 rebus
321 630 364 664 ad
390 642 457 662 eam
480 628 672 675 pertinentes
705 628 816 661 habere
830 651 965 661 ......

205 681 328 714 deberet
353 681 465 725 absque
489 680 557 712 ulla
577 678 818 712 contradifffione
837 679 876 710 de
891 688 964 723 par-

204 740 237 764 te
263 730 452 771 Monasterii
477 732 590 763 Sexto.
618 732 666 763 Et
692 729 771 763 hanc
798 727 966 770 notitiam,

206 780 344 827 qualiter
379 779 481 814 abiam
509 781 578 821 est,
614 790 668 825 pro
697 778 866 823 securitate
895 776 968 823 jam

207 830 290 864 dzft'i
331 829 493 877 Episcopii
529 829 674 871 Lucensis
704 829 807 873 facere
841 840 964 862 commo·

202 892 357 915 nutmus.

258 931 398 976 Quidem
426 932 469 965 (9⁴
496 944 549 977 ego
575 928 784 976 Apollinaris
813 927 968 962 Notarius

206 993 245 1015 ex
270 984 418 1016 mandato
445 985 485 1014 (9
509 980 751 1016 admonitionem
763 978 875 1024 scripsi
892 982 962 1013 ‚An-

206 1044 249 1066 no
276 1032 404 1078 Imperii
441 1031 559 1067 Domni
595 1029 775 1065 Hluduvici
810 1027 967 1072 Hofflabo,

207 1082 320 1124 Mense
347 1083 584 1123 Decembrium,
613 1081 788 1115 Inaiffione
813 1082 928 1114 Sexta.

258 1132 334 1177 Ego
361 1130 535 1171 Johannes
571 1131 697 1165 Miffus
735 1130 870 1164 Domni
898 1131 966 1164 Im-

207 1179 376 1229 peratoris
404 1178 601 1226 subscripfi.

257 1232 334 1278 Ego
362 1229 574 1276 Eriprandus
596 1228 721 1263 Missus
742 1230 876 1265 Domni
898 1232 966 1265 Im·

207 1279 377 1329 peratoris
405 1278 601 1327 subscripsi.

257 1332 453 1378 Adelpertus
478 1328 596 1376 Miffus
623 1328 741 1364 Domni
767 1330 966 1376 Imperatoris

206 1381 357 1425 interfui.

257 1431 434 1473 Ratfredus
459 1432 613 1467 Notarius
642 1430 761 1466 Domni
796 1432 965 1477 Imperato-

205 1481 251 1516 ris
278 1482 430 1525 interfui.

256 1535 327 1580 Ego
354 1533 511 1579 Teopaldo
538 1533 584 1567 ibi
604 1532 676 1576 fui.

256 1586 393 1628 Signum
421 1595 531 1616 manus
559 1580 802 1622 Hermenfredi,
839 1579 895 1625 qui
930 1580 962 1613 in

206 1630 256 1667 bis
281 1631 362 1665 abiis
389 1630 558 1671 interfuit.

259 1683 313 1715 En
341 1689 379 1715 ut
408 1678 502 1714 Vaffi
539 1677 593 1714 isti
629 1678 698 1714 duo
735 1679 963 1726 Imperiales,

206 1730 305 1766 Miffi
346 1732 364 1765 ὲ
408 1729 594 1766 Ludovico
638 1731 683 1763 ΙΙ.
721 1731 963 1776 Imperatore,

208 1781 362 1815 muneris
391 1779 441 1814 sui
470 1779 584 1814 caussa
612 1780 819 1825 praecedunt
855 1781 963 1813 Hiere-

207 1831 288 1865 miae
316 1831 465 1876 Episcopo
492 1829 647 1871 Lucenfi,
684 1831 717 1862 &
746 1831 965 1863 Hildebrando

208 1881 326 1915 comiti
353 1880 503 1926 ejusdem
533 1879 724 1914 Civitatis.
753 1880 890 1921 Comiti,
912 1880 961 1914 in·

209 1943 335 1978 quam,
363 1932 570 1977 dumtaxat3
600 1942 679 1964 nam
705 1931 797 1976 quod
819 1929 965 1964 Cosmus

210 1982 251 2017 de
279 1983 395 2016 Arena
424 1980 461 2015 in
490 1979 610 2014 seriem
649 1982 788 2015 Ducum
817 1979 966 2015 Tusciae

210 2031 303 2067 hunc
340 2030 452 2078 ipsum
490 2031 769 2066 Hildebrandum
812 2030 966 2065 intulisse

211 2082 393 2124 videatur,
431 2081 531 2128 hujus
569 2080 671 2122 ipsius
700 2080 828 2116 Placiti
870 2094 965 2115 men-

212 2133 310 2168 tione
351 2131 500 2179 ἱηῇεᾶἓι,
540 2131 666 2167 invitis
703 2141 794 2166 certe
831 2131 967 2178 Superis

213 2196 251 2218 ac
280 2182 482 2217 hominibus
509 2182 545 2217 id
582 2182 696 2217 feciffe
733 2181 822 2216 mihi
859 2181 966 2217 credi-

212 2242 290 2275 tur,
319 2245 426 2279 quum
454 2233 668 2280 temporibus
710 2231 754 2267 iis
790 2231 967 2267 universae

215 2283 364 2319 Tusciae
387 2283 547 2330 praeesset
567 2285 761 2319 „adelbertus
783 2285 808 2317 I.
824 2287 901 2318 Dux
926 2283 969 2316 &⁰

214 2334 383 2373 Marchio,
421 2346 458 2368 ac
487 2345 666 2379 propterea
693 2334 810 2369 nullus
847 2333 883 2368 in
914 2347 966 2368 ca-

214 2386 338 2432 talogo
367 2385 505 2418 Ducum
533 2384 681 2420 Tusciae
712 2386 809 2420 locus
845 2384 970 2419 Hilde-

217 2434 348 2470 brando
385 2435 622 2479 relinquatur.
658 2437 780 2481 Quum
818 2439 900 2470 vero
937 2420 999 2470 &l

215 2485 377 2521 Comites
415 2485 448 2519 8(
483 2487 594 2520 Duces
621 2487 655 2520 &
683 2486 846 2534 Episcopi
883 2486 971 2521 olim

217 2535 342 2584 (fossos,
370 2534 453 2572 idest
479 2534 651 2580 famulos,
678 2536 892 2581 familiares,
912 2536 972 2572 do-

535 210 1016 256 DISSERTATIO
1079 211 1485 259 UNDECJMA.·

1684 232 1764 271 194

987 278 1034 309 ιΑ
1067 271 1223 306 mesticos
1251 271 1386 305 nobiles
1414 272 1475 308 fibi
1495 273 1743 318 adsciscerent,
1765 287 1821 308 ee·

1064 322 1146 369 sque
1193 334 1253 370 per
1294 320 1517 368 jurisjurandi
1562 324 1820 374 obligationem

1067 373 1195 408 Fideles
1222 370 1284 406 fibi
1309 371 1481 405 facerent:
1511 375 1756 423 contingebat,
1783 383 1821 410 ut

1068 423 1104 459 hi
1133 421 1316 458 servitium
1350 419 1439 456 illud
1475 422 1642 468 pertoesi,
1678 435 1736 460 aut
1766 425 1822 473 spe

1043 497 1045 514 ι,
1069 473 1158 510 lucri
1186 471 1329 521 majoris
1356 470 1479 514 durffi,
1517 471 1630 518 priore
1666 476 1821 510 Domino

1044 525 1045 568 ξ
1070 532 1273 567 contemto,
1301 523 1342 557 ad
1370 523 1480 557 alium
1507 522 1707 556 avolarent:
1738 539 1824 571 quae

1044 570 1046 598 ¹
1070 589 1122 611 res
1149 588 1219 610 non
1249 586 1372 620 paucas
1399 571 1488 607 olim
1517 571 1690 606 excitavit
1711 575 1825 609 turbas

1072 636 1176 672 atque
1203 623 1441 672 querimonias
1469 623 1563 658 inter
1590 622 1714 656 Italiae
1750 624 1829 657 Ma-

1072 686 1216 724 gnates.
1254 677 1375 722 Itaque
1404 673 1574 722 Pippinus
1602 673 1723 707 italiae
1754 674 1827 707 Rex

1072 731 1168 775 Lege
1194 737 1255 772 47.
1284 724 1483 760 antidotum
1513 723 1598 759 istud
1620 723 1744 758 morbo
1765 723 1832 770 gli·-

1073 777 1182 813 scenti
1212 775 1392 812 adhibuit.
1421 777 1475 810 En
1503 776 1575 822 ejus
1603 774 1732 808 verba:
1763 776 1832 806 Ste-

1074 830 1113 861 tit
1152 827 1239 862 nobis
1273 829 1312 860 de
1339 826 1407 859 illis
1443 826 1647 868 hominibus,
1688 824 1742 871 qui
1770 824 1835 857 heic

1075 879 1160 921 infra
1208 878 1340 912 Italiam
1385 889 1485 910 eorum
1533 876 1674 909 Sem‘ores
1722 874 1834 908 dimit-

1050 939 1171 986 ttunt,
1208 937 1244 961 ut
1270 928 1377 961 nullus
1413 939 1460 960 eos
1490 926 1618 971 recipere
1653 927 1763 960 debeat
1800 925 1834 958 in

1050 976 1295 1026 ‚Vaffaticum‚
1337 976 1408 1018 sine
1456 986 1622 1010 commeatu
1672 975 1835 1022 (Italice

1074 1029 1263 1070 commitam,
1304 1027 1456 1074 licenza)
1493 1027 1630 1060 Senioris
1660 1026 1740 1070 sui,
1776 1038 1835 1059 an-

1075 1092 1198 1126 tequam
1229 1078 1311 1123 sciat
1345 1077 1498 1111 veraciter
1517 1103 1527 1120 ,
1561 1087 1618 1122 pro
1652 1090 1714 1122 qua
1749 1075 1836 1119 caus-

1070 1131 1108 1173 sa
1136 1130 1197 1176 ipse
1222 1129 1311 1171 suum
1346 1127 1503 1161 Seniorem
1537 1125 1682 1165 dimisit.
1720 1128 1767 1158 Et
1796 1126 1838 1158 il.

1005 1177 1035 1211 C
1076 1181 1104 1213 le
1144 1181 1230 1213 homo
1250 1205 1261 1221 ,
1301 1177 1356 1223 qui
1395 1189 1462 1209 eum
1502 1176 1630 1220 recipere
1669 1175 1836 1217 voluerit,

1079 1231 1189 1264 debeat
1215 1240 1282 1262 eum
1310 1227 1343 1260 in
1371 1225 1472 1266 nostra
1495 1224 1671 1271 praesentia
1695 1225 1840 1270 praesen.

1082 1291 1148 1313 tare
1175 1279 1242 1313 &c.
1288 1275 1395 1321 Quod
1441 1274 1462 1309 sl
1502 1274 1733 1322 Du-Cangius
1777 1274 1839 1309 du-

1005 725 1032 758 ss
1047 727 1048 734 ,

1084 1330 1199 1372 bitat,
1229 1341 1270 1363 an
1303 1326 1386 1372 Vaffi
1414 1325 1571 1359 Comitum
1600 1326 1618 1359 ὸ
1650 1325 1748 1370 Vaffis
1772 1328 1840 1359 Do·

1082 1380 1205 1413 minicis
1230 1377 1543 1425 distinguerentur,
1575 1375 1730 1422 profecffffi
1763 1376 1841 1410 nul-

1048 1456 1053 1481 ,
1081 1431 1115 1465 la
1157 1428 1246 1464 mihi
1286 1426 1471 1462 dubitandi
1507 1426 1616 1461 cauffa
1650 1426 1835 1461 occurrit:

1082 1479 1309 1515 certiffimum
1338 1477 1467 1525 quippe
1492 1486 1600 1524 puto,
1629 1475 1721 1511 nihil
1742 1476 1838 1511 aliud

1081 1529 1180 1565 fuiffe
1208 1527 1312 1574 Vaffizs
1337 1528 1515 1570 Comitum,
1543 1526 1606 1561 nifi
1634 1526 1840 1562 Familiares

1081 1580 1217 1614 nobiles
1254 1578 1295 1613 ad
1332 1577 1515 1612 servitium
1552 1577 1731 1621 Comitis,
1768 1590 1840 1612 non

1081 1635 1163 1664 vero
1193 1628 1298 1677 Regis
1326 1626 1498 1676 adscit0s;
1528 1627 1649 1662 Vaffos
1673 1630 1754 1662 vero
1775 1631 1842 1662 Do·

1081 1680 1208 1713 minicos
1233 1680 1252 1714 a
1282 1678 1438 1713 Domino
1456 1705 1466 1721 ,
1503 1676 1568 1712 hoc
1605 1677 1650 1713 est
1677 1678 1695 1712 a
1725 1680 1840 1725 Rege,

1083 1731 1132 1765 ita
1160 1731 1376 1778 appellatos.
1413 1728 1518 1775 Quod
1547 1727 1654 1763 etiam
1684 1727 1841 1763 animad-

1084 1789 1197 1814 vertas
1233 1780 1363 1814 velim:
1403 1778 1425 1812 fi
1453 1779 1532 1825 quis
1560 1779 1733 1813 Vaffallus
1769 1780 1841 1813 Co-

1084 1829 1233 1870 mitum,
1263 1827 1472 1863 Antistitum
1492 1855 1502 1872 ,
1538 1828 1744 1871 Abbatum,
1781 1837 1842 1863 aut

1083 1878 1343 1914 Abbatiffarum
1373 1878 1386 1923 (
1407 1891 1487 1913 nam
1512 1879 1545 1913 8<
1566 1877 1637 1914 istis
1657 1877 1747 1913 olim
1767 1877 1840 1913 fue-

1082 1943 1116 1964 re
1144 1928 1269 1976 Vaffi)
1299 1928 1336 1964 in
1365 1931 1494 1977 Regem
1523 1927 1770 1976 delinquebat,
1799 1928 1841 1963 ab

1082 1993 1122 2015 eo
1159 1979 1351 2023 Beneficium
1387 1978 1627 2014 auferebatur.
1666 1981 1705 2013 In
1742 1980 1840 2014 Con-

1081 2029 1262 2065 stitutione
1298 2028 1477 2064 Ludovici
1515 2030 1561 2063 Il.
1590 2028 1739 2076 Augusti
1776 2041 1840 2077 pro

1081 2079 1307 2128 expeditione
1343 2080 1590 2113 Benevenvana
1631 2080 1753 2114 Tomo
1792 2080 1839 2113 11.

1082 2133 1160 2166 Rer.
1189 2130 1391 2165 Italicarum
1417 2141 1492 2177 pag.
1521 2129 1605 2174 265.
1626 2128 1709 2164 haec
1737 2128 1840 2163 habe-

1081 2193 1181 2216 mus:
1212 2179 1358 2226 Quodst
1386 2183 1493 2214 Comes
1527 2191 1585 2214 aut
1620 2180 1710 2224 Baffi
1746 2179 1840 2220 nostri

1082 2230 1172 2277 (nisi
1191 2231 1204 2278 )
1232 2231 1341 2277 aliqua
1368 2229 1554 2274 infirmitate
1582 2228 1774 2276 (detenti)
1795 2242 1842 2263 re-

1081 2281 1252 2326 manserint
1268 2308 1278 2323 ,
1305 2291 1361 2315 aut
1387 2281 1522 2327 aliquem
1558 2279 1732 2324 excusatum
1768 2280 1841 2313 reti-

1082 2333 1208 2366 nuerint
1222 2345 1242 2374 ;
1277 2342 1333 2366 aut
1359 2332 1506 2366 Abbates
1539 2330 1594 2364 vel
1629 2327 1839 2373 Abbatiffae,

1071 2382 1105 2424 fi
1127 2382 1299 2429 pleniffime
1325 2381 1462 2416 homines
1475 2380 1548 2425 suos
1567 2392 1626 2414 non
1645 2379 1839 2423 direxerint,

1083 2433 1142 2481 ipsi
1162 2433 1236 2478 suos
1262 2436 1401 2467 Honores
1423 2432 1559 2478 perdant
1587 2429 1694 2476 (heic
1731 2429 1840 2465 etiam

1083 2484 1164 2519 vide
1192 2487 1352 2518 Honorum
1380 2481 1523 2517 nomine
1561 2480 1763 2528 Dignitates
1801 2480 1842 2514 fi-

1082 2533 1270 2585 gnificari)
1308 2535 1351 2568 Φ
1385 2546 1487 2568 eorum
1513 2530 1650 2578 Baffalli
1686 2531 1730 2566 Θ·
1763 2533 1841 2571 Pro-2

1178 2586 1213 2621 N
1269 2595 1288 2619 2
1680 2580 1792 2628 prium
