<?xml version="1.0" encoding="UTF-8"?>
<!DOCTYPE html PUBLIC "-//W3C//DTD XHTML 1.0 Transitional//EN"
    "http://www.w3.org/TR/xhtml1/DTD/xhtml1-transitional.dtd">
<html xmlns="http://www.w3.org/1999/xhtml" xml:lang="en" lang="en">
 <head>
  <title>
</title>
<meta http-equiv="Content-Type" content="text/html;charset=utf-8" />
  <meta name='ocr-system' content='tesseract 3.04.00' />
  <meta name='ocr-capabilities' content='ocr_page ocr_carea ocr_par ocr_line ocrx_word'/>
</head>
<body>
  <div class='ocr_page' id='page_1' title='image "antiquitatesital02mura_0362.png"; bbox 0 0 2185 3027; ppageno 0'>
   <div class='ocr_carea' id='block_1_1' title="bbox 368 217 1888 277">
    <p class='ocr_par' dir='ltr' id='par_1_1' title="bbox 368 217 1888 277">
     <span class='ocr_line' id='line_1_1' title="bbox 368 217 1888 277; baseline 0.001 -13"><span class='ocrx_word' id='word_1_1' title='bbox 368 228 452 276; x_wconf 71' lang='lat'>⁶95</span> <span class='ocrx_word' id='word_1_2' title='bbox 664 218 1073 277; x_wconf 54' lang='lat' dir='ltr'><em>ANTIQUIT.</em></span> <span class='ocrx_word' id='word_1_3' title='bbox 1135 217 1366 260; x_wconf 63' lang='lat' dir='ltr'>Maon</span> <span class='ocrx_word' id='word_1_4' title='bbox 1421 219 1597 262; x_wconf 72' lang='lat' dir='ltr'><em>AEVJ</em></span> <span class='ocrx_word' id='word_1_5' title='bbox 1800 227 1888 276; x_wconf 66' lang='lat'>6925</span> 
     </span>
    </p>
   </div>
   <div class='ocr_carea' id='block_1_2' title="bbox 305 277 1080 1731">
    <p class='ocr_par' dir='ltr' id='par_1_2' title="bbox 305 277 1080 1731">
     <span class='ocr_line' id='line_1_2' title="bbox 305 277 1066 329; baseline 0 -16"><span class='ocrx_word' id='word_1_6' title='bbox 305 280 436 329; x_wconf 49' lang='lat' dir='ltr'>serpitis</span> <span class='ocrx_word' id='word_1_7' title='bbox 457 277 645 318; x_wconf 69' lang='lat' dir='ltr'>vilitas,·it</span> <span class='ocrx_word' id='word_1_8' title='bbox 661 279 762 329; x_wconf 76' lang='lat' dir='ltr'>prius</span> <span class='ocrx_word' id='word_1_9' title='bbox 784 291 847 329; x_wconf 30' lang='lat' dir='ltr'>per.</span> <span class='ocrx_word' id='word_1_10' title='bbox 870 277 1066 314; x_wconf 82' lang='lat' dir='ltr'>Manumis-</span> 
     </span>
     <span class='ocr_line' id='line_1_3' title="bbox 311 326 1065 366; baseline -0.003 -2"><span class='ocrx_word' id='word_1_11' title='bbox 311 326 671 366; x_wconf 56' lang='lat' dir='ltr'>fionE&#39;m&#39;h&#39;Dom‘iriis</span> <span class='ocrx_word' id='word_1_12' title='bbox 698 330 735 366; x_wconf 86' lang='lat' dir='ltr'>in</span> <span class='ocrx_word' id='word_1_13' title='bbox 753 326 959 366; x_wconf 64' lang='lat' dir='ltr'>”libertatem</span> <span class='ocrx_word' id='word_1_14' title='bbox 988 329 1065 363; x_wconf 90' lang='lat' dir='ltr'>vin-</span> 
     </span>
     <span class='ocr_line' id='line_1_4' title="bbox 311 381 1066 429; baseline -0.001 -14"><span class='ocrx_word' id='word_1_15' title='bbox 311 381 451 416; x_wconf 88' lang='lat' dir='ltr'>dicandi</span> <span class='ocrx_word' id='word_1_16' title='bbox 481 391 598 417; x_wconf 83' lang='lat' dir='ltr'>erant.</span> <span class='ocrx_word' id='word_1_17' title='bbox 638 383 751 417; x_wconf 85' lang='lat' dir='ltr'>Immo</span> <span class='ocrx_word' id='word_1_18' title='bbox 777 382 810 416; x_wconf 87' lang='lat'>&amp;</span> <span class='ocrx_word' id='word_1_19' title='bbox 840 381 906 429; x_wconf 84' lang='lat' dir='ltr'>juri</span> <span class='ocrx_word' id='word_1_20' title='bbox 947 383 1066 415; x_wconf 87' lang='lat' dir='ltr'>Patro-</span> 
     </span>
     <span class='ocr_line' id='line_1_5' title="bbox 313 431 1063 479; baseline -0.005 -12"><span class='ocrx_word' id='word_1_21' title='bbox 313 443 413 467; x_wconf 80' lang='lat' dir='ltr'>natus</span> <span class='ocrx_word' id='word_1_22' title='bbox 438 432 636 475; x_wconf 81' lang='lat' dir='ltr'>renuntiare</span> <span class='ocrx_word' id='word_1_23' title='bbox 659 431 805 467; x_wconf 63' lang='lat' dir='ltr'>Domini</span> <span class='ocrx_word' id='word_1_24' title='bbox 831 432 1063 479; x_wconf 77' lang='lat' dir='ltr'>cogebantur:</span> 
     </span>
     <span class='ocr_line' id='line_1_6' title="bbox 312 481 1066 530; baseline -0.004 -13"><span class='ocrx_word' id='word_1_25' title='bbox 312 481 404 530; x_wconf 81' lang='lat' dir='ltr'>quod</span> <span class='ocrx_word' id='word_1_26' title='bbox 443 481 464 516; x_wconf 77' lang='lat' dir='ltr'>si</span> <span class='ocrx_word' id='word_1_27' title='bbox 495 482 586 518; x_wconf 89' lang='lat' dir='ltr'>secus</span> <span class='ocrx_word' id='word_1_28' title='bbox 623 482 752 518; x_wconf 57' lang='lat' dir='ltr'>fufium</span> <span class='ocrx_word' id='word_1_29' title='bbox 791 481 924 518; x_wconf 73' lang='lat' dir='ltr'>fuisset,</span> <span class='ocrx_word' id='word_1_30' title='bbox 963 489 1066 527; x_wconf 85' lang='lat' dir='ltr'>atque</span> 
     </span>
     <span class='ocr_line' id='line_1_7' title="bbox 312 530 1066 577; baseline -0.005 -9"><span class='ocrx_word' id='word_1_31' title='bbox 312 532 432 568; x_wconf 78' lang='lat' dir='ltr'>insciis</span> <span class='ocrx_word' id='word_1_32' title='bbox 460 542 519 568; x_wconf 87' lang='lat' dir='ltr'>aut</span> <span class='ocrx_word' id='word_1_33' title='bbox 549 533 675 568; x_wconf 83' lang='lat' dir='ltr'>invitis</span> <span class='ocrx_word' id='word_1_34' title='bbox 708 531 810 568; x_wconf 80' lang='lat' dir='ltr'>Heris</span> <span class='ocrx_word' id='word_1_35' title='bbox 838 530 1018 577; x_wconf 84' lang='lat' dir='ltr'>quisquam</span> <span class='ocrx_word' id='word_1_36' title='bbox 1049 532 1066 564; x_wconf 82' lang='grc' dir='ltr'>ὲ</span> 
     </span>
     <span class='ocr_line' id='line_1_8' title="bbox 312 581 1067 619; baseline -0.008 0"><span class='ocrx_word' id='word_1_37' title='bbox 312 583 428 619; x_wconf 80' lang='lat' dir='ltr'>Servis</span> <span class='ocrx_word' id='word_1_38' title='bbox 463 584 568 618; x_wconf 86' lang='lat' dir='ltr'>Clero</span> <span class='ocrx_word' id='word_1_39' title='bbox 597 583 864 619; x_wconf 73' lang='lat' dir='ltr'>adscriberetur,</span> <span class='ocrx_word' id='word_1_40' title='bbox 893 581 921 615; x_wconf 87' lang='lat' dir='ltr'>is</span> <span class='ocrx_word' id='word_1_41' title='bbox 959 581 1067 614; x_wconf 88' lang='lat' dir='ltr'>recla-</span> 
     </span>
     <span class='ocr_line' id='line_1_9' title="bbox 312 630 1066 679; baseline -0.008 -9"><span class='ocrx_word' id='word_1_42' title='bbox 312 643 430 670; x_wconf 85' lang='lat' dir='ltr'>mante</span> <span class='ocrx_word' id='word_1_43' title='bbox 468 633 624 668; x_wconf 86' lang='lat' dir='ltr'>Domino</span> <span class='ocrx_word' id='word_1_44' title='bbox 652 634 692 668; x_wconf 88' lang='lat' dir='ltr'>de</span> <span class='ocrx_word' id='word_1_45' title='bbox 720 631 824 679; x_wconf 76' lang='lat' dir='ltr'>gradu</span> <span class='ocrx_word' id='word_1_46' title='bbox 852 630 1066 678; x_wconf 78' lang='lat' dir='ltr'>dejiciendus</span> 
     </span>
     <span class='ocr_line' id='line_1_10' title="bbox 312 680 1067 732; baseline -0.008 -11"><span class='ocrx_word' id='word_1_47' title='bbox 312 695 405 724; x_wconf 85' lang='lat' dir='ltr'>erat,</span> <span class='ocrx_word' id='word_1_48' title='bbox 432 685 464 719; x_wconf 88' lang='lat'>&amp;</span> <span class='ocrx_word' id='word_1_49' title='bbox 495 683 670 732; x_wconf 65' lang='lat' dir='ltr'>pristinam</span> <span class='ocrx_word' id='word_1_50' title='bbox 700 681 910 717; x_wconf 81' lang='lat' dir='ltr'>Servitutem</span> <span class='ocrx_word' id='word_1_51' title='bbox 940 680 1067 716; x_wconf 83' lang='lat' dir='ltr'>servire</span> 
     </span>
     <span class='ocr_line' id='line_1_11' title="bbox 313 732 1066 784; baseline -0.008 -13"><span class='ocrx_word' id='word_1_52' title='bbox 313 736 521 784; x_wconf 76' lang='lat' dir='ltr'>cogebatur.</span> <span class='ocrx_word' id='word_1_53' title='bbox 562 737 744 780; x_wconf 74' lang='lat' dir='ltr'>Propterea</span> <span class='ocrx_word' id='word_1_54' title='bbox 782 732 937 767; x_wconf 78' lang='lat' dir='ltr'>Servitus</span> <span class='ocrx_word' id='word_1_55' title='bbox 968 732 985 765; x_wconf 72' lang='grc' dir='ltr'>ὲ</span> <span class='ocrx_word' id='word_1_56' title='bbox 1014 745 1066 766; x_wconf 91' lang='lat' dir='ltr'>re-</span> 
     </span>
     <span class='ocr_line' id='line_1_12' title="bbox 314 781 1067 830; baseline -0.007 -9"><span class='ocrx_word' id='word_1_57' title='bbox 314 785 528 822; x_wconf 86' lang='lat' dir='ltr'>centioribus</span> <span class='ocrx_word' id='word_1_58' title='bbox 553 785 644 819; x_wconf 84' lang='lat' dir='ltr'>inter</span> <span class='ocrx_word' id='word_1_59' title='bbox 672 782 799 829; x_wconf 87' lang='lat' dir='ltr'>species</span> <span class='ocrx_word' id='word_1_60' title='bbox 828 781 1067 830; x_wconf 80' lang='lat' dir='ltr'>lrregularita-</span> 
     </span>
     <span class='ocr_line' id='line_1_13' title="bbox 311 832 1067 878; baseline -0.009 -5"><span class='ocrx_word' id='word_1_61' title='bbox 311 837 359 873; x_wconf 83' lang='lat' dir='ltr'>tis</span> <span class='ocrx_word' id='word_1_62' title='bbox 388 836 514 871; x_wconf 76' lang='lat' dir='ltr'>merito</span> <span class='ocrx_word' id='word_1_63' title='bbox 542 832 758 869; x_wconf 85' lang='lat' dir='ltr'>recensetur.</span> <span class='ocrx_word' id='word_1_64' title='bbox 794 835 914 878; x_wconf 78' lang='lat' dir='ltr'>Quum</span> <span class='ocrx_word' id='word_1_65' title='bbox 943 832 985 868; x_wconf 89' lang='lat' dir='ltr'>de</span> <span class='ocrx_word' id='word_1_66' title='bbox 1013 832 1067 866; x_wconf 92' lang='lat' dir='ltr'>hi—</span> 
     </span>
     <span class='ocr_line' id='line_1_14' title="bbox 313 882 1066 923; baseline -0.008 0"><span class='ocrx_word' id='word_1_67' title='bbox 313 888 367 923; x_wconf 90' lang='lat' dir='ltr'>sce</span> <span class='ocrx_word' id='word_1_68' title='bbox 388 887 518 922; x_wconf 82' lang='lat' dir='ltr'>multus</span> <span class='ocrx_word' id='word_1_69' title='bbox 539 884 577 919; x_wconf 82' lang='lat' dir='ltr'>sit</span> <span class='ocrx_word' id='word_1_70' title='bbox 599 883 710 918; x_wconf 86' lang='lat' dir='ltr'>sermo</span> <span class='ocrx_word' id='word_1_71' title='bbox 731 883 767 918; x_wconf 89' lang='lat' dir='ltr'>in</span> <span class='ocrx_word' id='word_1_72' title='bbox 790 885 961 922; x_wconf 82' lang='lat' dir='ltr'>Decreto,</span> <span class='ocrx_word' id='word_1_73' title='bbox 983 882 1066 918; x_wconf 86' lang='lat' dir='ltr'>Dist.</span> 
     </span>
     <span class='ocr_line' id='line_1_15' title="bbox 314 933 1068 984; baseline -0.011 -10"><span class='ocrx_word' id='word_1_74' title='bbox 314 950 372 984; x_wconf 79' lang='lat'>54.</span> <span class='ocrx_word' id='word_1_75' title='bbox 397 938 430 972; x_wconf 71' lang='grc' dir='ltr'>ὃ(</span> <span class='ocrx_word' id='word_1_76' title='bbox 458 936 496 970; x_wconf 84' lang='lat' dir='ltr'>in</span> <span class='ocrx_word' id='word_1_77' title='bbox 524 935 764 970; x_wconf 81' lang='lat' dir='ltr'>Decretalibus</span> <span class='ocrx_word' id='word_1_78' title='bbox 792 934 869 969; x_wconf 82' lang='lat' dir='ltr'>Tit.</span> <span class='ocrx_word' id='word_1_79' title='bbox 895 941 932 967; x_wconf 84' lang='lat' dir='ltr'>de</span> <span class='ocrx_word' id='word_1_80' title='bbox 957 933 1068 967; x_wconf 79' lang='lat' dir='ltr'>Servis</span> 
     </span>
     <span class='ocr_line' id='line_1_16' title="bbox 312 983 1068 1032; baseline -0.004 -11"><span class='ocrx_word' id='word_1_81' title='bbox 312 1002 373 1022; x_wconf 79' lang='lat' dir='ltr'>non</span> <span class='ocrx_word' id='word_1_82' title='bbox 408 985 619 1023; x_wconf 78' lang='lat' dir='ltr'><em>ordinandis,</em></span> <span class='ocrx_word' id='word_1_83' title='bbox 657 983 865 1032; x_wconf 85' lang='lat' dir='ltr'>superfluum</span> <span class='ocrx_word' id='word_1_84' title='bbox 905 984 994 1019; x_wconf 90' lang='lat' dir='ltr'>duco</span> <span class='ocrx_word' id='word_1_85' title='bbox 1031 983 1068 1018; x_wconf 85' lang='lat' dir='ltr'>in</span> 
     </span>
     <span class='ocr_line' id='line_1_17' title="bbox 312 1037 1070 1082; baseline -0.007 -9"><span class='ocrx_word' id='word_1_86' title='bbox 312 1037 400 1073; x_wconf 82' lang='lat' dir='ltr'>hanc</span> <span class='ocrx_word' id='word_1_87' title='bbox 427 1050 499 1072; x_wconf 87' lang='lat' dir='ltr'>rem</span> <span class='ocrx_word' id='word_1_88' title='bbox 532 1037 694 1082; x_wconf 86' lang='lat' dir='ltr'>antiquos</span> <span class='ocrx_word' id='word_1_89' title='bbox 726 1037 887 1070; x_wconf 82' lang='lat' dir='ltr'>Canones</span> <span class='ocrx_word' id='word_1_90' title='bbox 916 1047 1070 1069; x_wconf 88' lang='lat' dir='ltr'>comme-</span> 
     </span>
     <span class='ocr_line' id='line_1_18' title="bbox 313 1084 1070 1125; baseline -0.007 -1"><span class='ocrx_word' id='word_1_91' title='bbox 313 1101 474 1125; x_wconf 85' lang='lat' dir='ltr'>morare,</span> <span class='ocrx_word' id='word_1_92' title='bbox 513 1085 566 1122; x_wconf 88' lang='lat' dir='ltr'>uti</span> <span class='ocrx_word' id='word_1_93' title='bbox 601 1087 636 1120; x_wconf 71' lang='grc' dir='ltr'>δε</span> <span class='ocrx_word' id='word_1_94' title='bbox 678 1095 835 1120; x_wconf 86' lang='lat' dir='ltr'>veterum</span> <span class='ocrx_word' id='word_1_95' title='bbox 873 1084 1070 1120; x_wconf 85' lang='lat' dir='ltr'>testimonia</span> 
     </span>
     <span class='ocr_line' id='line_1_19' title="bbox 316 1134 1072 1182; baseline -0.008 -7"><span class='ocrx_word' id='word_1_96' title='bbox 316 1153 353 1175; x_wconf 85' lang='lat' dir='ltr'>ac</span> <span class='ocrx_word' id='word_1_97' title='bbox 373 1137 627 1174; x_wconf 81' lang='lat' dir='ltr'>recentiorum.</span> <span class='ocrx_word' id='word_1_98' title='bbox 648 1135 854 1182; x_wconf 85' lang='lat' dir='ltr'>Aliquando</span> <span class='ocrx_word' id='word_1_99' title='bbox 875 1135 987 1170; x_wconf 21' lang='lat' dir='ltr'>*etiam</span> <span class='ocrx_word' id='word_1_100' title='bbox 1009 1134 1072 1170; x_wconf 87' lang='lat' dir='ltr'>sta-</span> 
     </span>
     <span class='ocr_line' id='line_1_20' title="bbox 317 1185 1072 1232; baseline -0.005 -9"><span class='ocrx_word' id='word_1_101' title='bbox 317 1198 432 1225; x_wconf 81' lang='lat' dir='ltr'>tutum</span> <span class='ocrx_word' id='word_1_102' title='bbox 460 1187 550 1225; x_wconf 89' lang='lat' dir='ltr'>fuit,</span> <span class='ocrx_word' id='word_1_103' title='bbox 579 1187 746 1232; x_wconf 76' lang='lat' dir='ltr'>legitime·</span> <span class='ocrx_word' id='word_1_104' title='bbox 776 1186 945 1221; x_wconf 82' lang='lat' dir='ltr'>Clericali</span> <span class='ocrx_word' id='word_1_105' title='bbox 974 1185 1072 1220; x_wconf 86' lang='lat' dir='ltr'>rnili-</span> 
     </span>
     <span class='ocr_line' id='line_1_21' title="bbox 317 1234 1072 1281; baseline -0.011 -6"><span class='ocrx_word' id='word_1_106' title='bbox 317 1240 388 1275; x_wconf 85' lang='lat' dir='ltr'>tiae</span> <span class='ocrx_word' id='word_1_107' title='bbox 414 1250 541 1272; x_wconf 84' lang='lat' dir='ltr'>nornen</span> <span class='ocrx_word' id='word_1_108' title='bbox 567 1235 713 1273; x_wconf 65' lang='lat' dir='ltr'>dedisse,</span> <span class='ocrx_word' id='word_1_109' title='bbox 739 1235 800 1281; x_wconf 88' lang='lat' dir='ltr'>qui</span> <span class='ocrx_word' id='word_1_110' title='bbox 827 1234 862 1268; x_wconf 89' lang='lat' dir='ltr'>id</span> <span class='ocrx_word' id='word_1_111' title='bbox 887 1234 1072 1281; x_wconf 84' lang='lat' dir='ltr'>praestitis-</span> 
     </span>
     <span class='ocr_line' id='line_1_22' title="bbox 318 1285 1074 1325; baseline -0.011 0"><span class='ocrx_word' id='word_1_112' title='bbox 318 1290 367 1325; x_wconf 85' lang='lat' dir='ltr'>set</span> <span class='ocrx_word' id='word_1_113' title='bbox 395 1288 523 1323; x_wconf 83' lang='lat' dir='ltr'>sciente</span> <span class='ocrx_word' id='word_1_114' title='bbox 553 1286 744 1323; x_wconf 79' lang='lat' dir='ltr'>duntaxat,</span> <span class='ocrx_word' id='word_1_115' title='bbox 768 1285 802 1319; x_wconf 84' lang='lat'>&amp;</span> <span class='ocrx_word' id='word_1_116' title='bbox 840 1297 909 1318; x_wconf 88' lang='lat' dir='ltr'>non</span> <span class='ocrx_word' id='word_1_117' title='bbox 935 1293 1074 1318; x_wconf 87' lang='lat' dir='ltr'>contra-</span> 
     </span>
     <span class='ocr_line' id='line_1_23' title="bbox 319 1333 1074 1376; baseline -0.012 0"><span class='ocrx_word' id='word_1_118' title='bbox 319 1340 456 1376; x_wconf 81' lang='lat' dir='ltr'>dicente</span> <span class='ocrx_word' id='word_1_119' title='bbox 495 1336 678 1373; x_wconf 86' lang='lat' dir='ltr'>Domino,</span> <span class='ocrx_word' id='word_1_120' title='bbox 717 1334 769 1369; x_wconf 88' lang='lat' dir='ltr'>uti</span> <span class='ocrx_word' id='word_1_121' title='bbox 807 1333 952 1368; x_wconf 85' lang='lat' dir='ltr'>habetur</span> <span class='ocrx_word' id='word_1_122' title='bbox 990 1333 1074 1368; x_wconf 82' lang='lat' dir='ltr'>Dist.</span> 
     </span>
     <span class='ocr_line' id='line_1_24' title="bbox 323 1382 1075 1436; baseline -0.008 -15"><span class='ocrx_word' id='word_1_123' title='bbox 323 1403 379 1436; x_wconf 75' lang='lat'>54.</span> <span class='ocrx_word' id='word_1_124' title='bbox 408 1403 436 1423; x_wconf 86' lang='lat' dir='ltr'>c.</span> <span class='ocrx_word' id='word_1_125' title='bbox 456 1387 489 1428; x_wconf 83' lang='lat' dir='ltr'><strong><em>fi</em></strong></span> <span class='ocrx_word' id='word_1_126' title='bbox 513 1390 633 1420; x_wconf 79' lang='lat' dir='ltr'>Servus</span> <span class='ocrx_word' id='word_1_127' title='bbox 654 1384 787 1428; x_wconf 78' lang='lat' dir='ltr'>sciente.</span> <span class='ocrx_word' id='word_1_128' title='bbox 815 1382 958 1416; x_wconf 87' lang='lat' dir='ltr'>Graecis</span> <span class='ocrx_word' id='word_1_129' title='bbox 987 1395 1075 1427; x_wconf 86' lang='lat' dir='ltr'>quo—</span> 
     </span>
     <span class='ocr_line' id='line_1_25' title="bbox 320 1431 1077 1488; baseline -0.015 -13"><span class='ocrx_word' id='word_1_130' title='bbox 320 1453 385 1488; x_wconf 88' lang='lat' dir='ltr'>que</span> <span class='ocrx_word' id='word_1_131' title='bbox 413 1435 575 1473; x_wconf 83' lang='lat' dir='ltr'>Ecclefiis</span> <span class='ocrx_word' id='word_1_132' title='bbox 601 1433 691 1469; x_wconf 87' lang='lat' dir='ltr'>hunc</span> <span class='ocrx_word' id='word_1_133' title='bbox 720 1433 784 1468; x_wconf 77' lang='lat' dir='ltr'>effe</span> <span class='ocrx_word' id='word_1_134' title='bbox 810 1444 940 1466; x_wconf 86' lang='lat' dir='ltr'>morem</span> <span class='ocrx_word' id='word_1_135' title='bbox 967 1431 1077 1465; x_wconf 86' lang='lat' dir='ltr'>osten-</span> 
     </span>
     <span class='ocr_line' id='line_1_26' title="bbox 320 1482 1078 1532; baseline -0.013 -7"><span class='ocrx_word' id='word_1_136' title='bbox 320 1490 374 1525; x_wconf 88' lang='lat' dir='ltr'>dit</span> <span class='ocrx_word' id='word_1_137' title='bbox 411 1486 553 1524; x_wconf 73' lang='lat' dir='ltr'>clariss.</span> <span class='ocrx_word' id='word_1_138' title='bbox 583 1484 824 1532; x_wconf 87' lang='lat' dir='ltr'>Papadopolus</span> <span class='ocrx_word' id='word_1_139' title='bbox 861 1482 897 1517; x_wconf 82' lang='lat' dir='ltr'>in</span> <span class='ocrx_word' id='word_1_140' title='bbox 929 1483 1078 1516; x_wconf 80' lang='lat' dir='ltr'>Praeno—</span> 
     </span>
     <span class='ocr_line' id='line_1_27' title="bbox 323 1532 1079 1584; baseline -0.015 -8"><span class='ocrx_word' id='word_1_141' title='bbox 323 1541 411 1576; x_wconf 82' lang='lat' dir='ltr'>tion.</span> <span class='ocrx_word' id='word_1_142' title='bbox 448 1538 643 1584; x_wconf 68' lang='lat' dir='ltr'>Mystagog.</span> <span class='ocrx_word' id='word_1_143' title='bbox 672 1533 834 1582; x_wconf 51' lang='lat' dir='ltr'>Respiff..</span> <span class='ocrx_word' id='word_1_144' title='bbox 866 1532 954 1567; x_wconf 61' lang='grc' dir='ltr'><em>δεδι.</em></span> <span class='ocrx_word' id='word_1_145' title='bbox 984 1543 1016 1577; x_wconf 81' lang='lat'>5.</span> <span class='ocrx_word' id='word_1_146' title='bbox 1047 1533 1079 1565; x_wconf 90' lang='lat'>1-</span> 
     </span>
     <span class='ocr_line' id='line_1_28' title="bbox 321 1581 1080 1638; baseline -0.013 -12"><span class='ocrx_word' id='word_1_147' title='bbox 321 1601 424 1638; x_wconf 82' lang='lat' dir='ltr'>taque</span> <span class='ocrx_word' id='word_1_148' title='bbox 449 1588 560 1637; x_wconf 88' lang='lat' dir='ltr'>prima</span> <span class='ocrx_word' id='word_1_149' title='bbox 586 1584 864 1629; x_wconf 59' lang='lat' dir='ltr'>lisanumr&#39;ffionis‚</span> <span class='ocrx_word' id='word_1_150' title='bbox 885 1592 924 1618; x_wconf 90' lang='lat' dir='ltr'>ut</span> <span class='ocrx_word' id='word_1_151' title='bbox 949 1582 999 1618; x_wconf 90' lang='lat' dir='ltr'>ita</span> <span class='ocrx_word' id='word_1_152' title='bbox 1025 1581 1080 1617; x_wconf 91' lang='lat' dir='ltr'>di-</span> 
     </span>
     <span class='ocr_line' id='line_1_29' title="bbox 322 1630 1080 1688; baseline -0.013 -11"><span class='ocrx_word' id='word_1_153' title='bbox 322 1654 419 1680; x_wconf 82' lang='lat' dir='ltr'>cam,</span> <span class='ocrx_word' id='word_1_154' title='bbox 447 1630 673 1688; x_wconf 35' lang='lat' dir='ltr'>species-fuit</span> <span class='ocrx_word' id='word_1_155' title='bbox 701 1634 773 1683; x_wconf 83' lang='lat' dir='ltr'>ipsa</span> <span class='ocrx_word' id='word_1_156' title='bbox 811 1634 983 1669; x_wconf 89' lang='lat' dir='ltr'>sacrorum</span> <span class='ocrx_word' id='word_1_157' title='bbox 1013 1635 1080 1668; x_wconf 90' lang='lat' dir='ltr'>Or-</span> 
     </span>
     <span class='ocr_line' id='line_1_30' title="bbox 322 1683 1078 1731; baseline -0.013 -4"><span class='ocrx_word' id='word_1_158' title='bbox 322 1692 445 1727; x_wconf 85' lang='lat' dir='ltr'>dinum</span> <span class='ocrx_word' id='word_1_159' title='bbox 492 1686 639 1723; x_wconf 85' lang='lat' dir='ltr'>collatio</span> <span class='ocrx_word' id='word_1_160' title='bbox 664 1710 675 1724; x_wconf 89' lang='lat'><em>‚</em></span> <span class='ocrx_word' id='word_1_161' title='bbox 717 1697 927 1731; x_wconf 84' lang='lat' dir='ltr'>quamquam</span> <span class='ocrx_word' id='word_1_162' title='bbox 979 1683 1078 1718; x_wconf 87' lang='lat' dir='ltr'>illam</span> 
     </span>
    </p>
   </div>
   <div class='ocr_carea' id='block_1_3' title="bbox 325 1733 1107 1789">
    <p class='ocr_par' dir='ltr' id='par_1_3' title="bbox 325 1733 1107 1789">
     <span class='ocr_line' id='line_1_31' title="bbox 325 1733 1107 1789; baseline -0.013 -13"><span class='ocrx_word' id='word_1_163' title='bbox 325 1739 524 1789; x_wconf 78' lang='lat' dir='ltr'>praecedere</span> <span class='ocrx_word' id='word_1_164' title='bbox 561 1736 693 1784; x_wconf 86' lang='lat' dir='ltr'>semper</span> <span class='ocrx_word' id='word_1_165' title='bbox 719 1735 844 1770; x_wconf 87' lang='lat' dir='ltr'>soleret</span> <span class='ocrx_word' id='word_1_166' title='bbox 881 1734 976 1769; x_wconf 59' lang='lat' dir='ltr'>actus</span> <span class='ocrx_word' id='word_1_167' title='bbox 1011 1733 1107 1781; x_wconf 67' lang='lat' dir='ltr'>ipse!</span> 
     </span>
    </p>
   </div>
   <div class='ocr_carea' id='block_1_4' title="bbox 323 1784 1088 2590">
    <p class='ocr_par' dir='ltr' id='par_1_4' title="bbox 323 1784 1088 2590">
     <span class='ocr_line' id='line_1_32' title="bbox 324 1784 1080 1834; baseline -0.012 -7"><span class='ocrx_word' id='word_1_168' title='bbox 324 1787 610 1828; x_wconf 82' lang='lat' dir='ltr'>Manumiffionis</span> <span class='ocrx_word' id='word_1_169' title='bbox 631 1788 649 1821; x_wconf 68' lang='lat' dir='ltr'>a</span> <span class='ocrx_word' id='word_1_170' title='bbox 676 1785 811 1834; x_wconf 79' lang='lat' dir='ltr'>legibus</span> <span class='ocrx_word' id='word_1_171' title='bbox 834 1784 1080 1832; x_wconf 81' lang='lat' dir='ltr'>praescriptus.</span> 
     </span>
     <span class='ocr_line' id='line_1_33' title="bbox 323 1835 1081 1890; baseline -0.012 -12"><span class='ocrx_word' id='word_1_172' title='bbox 323 1842 433 1890; x_wconf 82' lang='lat' dir='ltr'>Cujus</span> <span class='ocrx_word' id='word_1_173' title='bbox 470 1838 611 1886; x_wconf 85' lang='lat' dir='ltr'>quidem</span> <span class='ocrx_word' id='word_1_174' title='bbox 640 1836 728 1872; x_wconf 86' lang='lat' dir='ltr'>ritus</span> <span class='ocrx_word' id='word_1_175' title='bbox 765 1836 988 1881; x_wconf 85' lang='lat' dir='ltr'>exemplum,</span> <span class='ocrx_word' id='word_1_176' title='bbox 1017 1835 1081 1869; x_wconf 86' lang='lat' dir='ltr'>hoc</span> 
     </span>
     <span class='ocr_line' id='line_1_34' title="bbox 324 1885 1083 1928; baseline -0.011 0"><span class='ocrx_word' id='word_1_177' title='bbox 324 1893 369 1928; x_wconf 85' lang='lat' dir='ltr'>est</span> <span class='ocrx_word' id='word_1_178' title='bbox 398 1888 657 1927; x_wconf 74' lang='lat' dir='ltr'>vetustlffimam</span> <span class='ocrx_word' id='word_1_179' title='bbox 685 1885 972 1921; x_wconf 81' lang='lat' dir='ltr'>Manumiffionis</span> <span class='ocrx_word' id='word_1_180' title='bbox 998 1889 1083 1920; x_wconf 74' lang='lat' dir='ltr'>For—</span> 
     </span>
     <span class='ocr_line' id='line_1_35' title="bbox 325 1937 1082 1988; baseline -0.012 -9"><span class='ocrx_word' id='word_1_181' title='bbox 325 1943 455 1978; x_wconf 82' lang='lat' dir='ltr'>mulam</span> <span class='ocrx_word' id='word_1_182' title='bbox 494 1953 559 1988; x_wconf 77' lang='lat' dir='ltr'>ego</span> <span class='ocrx_word' id='word_1_183' title='bbox 596 1937 745 1986; x_wconf 81' lang='lat' dir='ltr'>produxi</span> <span class='ocrx_word' id='word_1_184' title='bbox 784 1939 903 1972; x_wconf 79' lang='lat' dir='ltr'>Tomo</span> <span class='ocrx_word' id='word_1_185' title='bbox 941 1949 973 1972; x_wconf 84' lang='lat'>2.</span> <span class='ocrx_word' id='word_1_186' title='bbox 1008 1949 1082 1984; x_wconf 77' lang='lat' dir='ltr'>pag.</span> 
     </span>
     <span class='ocr_line' id='line_1_36' title="bbox 328 1987 1084 2040; baseline -0.012 -10"><span class='ocrx_word' id='word_1_187' title='bbox 328 1997 409 2040; x_wconf 83' lang='lat'>187.</span> <span class='ocrx_word' id='word_1_188' title='bbox 435 1990 695 2027; x_wconf 78' lang='lat' dir='ltr'>Anecdotorum</span> <span class='ocrx_word' id='word_1_189' title='bbox 720 1988 930 2024; x_wconf 76' lang='lat' dir='ltr'>Latinorum</span> <span class='ocrx_word' id='word_1_190' title='bbox 954 1987 995 2022; x_wconf 77' lang='lat'>*.</span> <span class='ocrx_word' id='word_1_191' title='bbox 1014 1989 1084 2021; x_wconf 79' lang='lat' dir='ltr'>At—</span> 
     </span>
     <span class='ocr_line' id='line_1_37' title="bbox 325 2038 1078 2092; baseline -0.011 -13"><span class='ocrx_word' id='word_1_192' title='bbox 325 2045 385 2092; x_wconf 87' lang='lat' dir='ltr'>qui</span> <span class='ocrx_word' id='word_1_193' title='bbox 414 2042 536 2077; x_wconf 81' lang='lat' dir='ltr'>ostium</span> <span class='ocrx_word' id='word_1_194' title='bbox 566 2040 632 2074; x_wconf 88' lang='lat' dir='ltr'>hoc</span> <span class='ocrx_word' id='word_1_195' title='bbox 660 2048 732 2074; x_wconf 83' lang='lat' dir='ltr'>tam</span> <span class='ocrx_word' id='word_1_196' title='bbox 759 2038 821 2073; x_wconf 80' lang='lat' dir='ltr'>fibi</span> <span class='ocrx_word' id='word_1_197' title='bbox 855 2038 1078 2073; x_wconf 86' lang='lat' dir='ltr'>commodum</span> 
     </span>
     <span class='ocr_line' id='line_1_38' title="bbox 326 2088 1081 2139; baseline -0.011 -9"><span class='ocrx_word' id='word_1_198' title='bbox 326 2095 366 2130; x_wconf 87' lang='lat' dir='ltr'>ad</span> <span class='ocrx_word' id='word_1_199' title='bbox 395 2093 613 2130; x_wconf 77' lang='lat' dir='ltr'>Libertatem</span> <span class='ocrx_word' id='word_1_200' title='bbox 642 2100 757 2139; x_wconf 85' lang='lat' dir='ltr'>patere</span> <span class='ocrx_word' id='word_1_201' title='bbox 785 2088 979 2135; x_wconf 83' lang='lat' dir='ltr'>conspicati</span> <span class='ocrx_word' id='word_1_202' title='bbox 1006 2090 1081 2122; x_wconf 74' lang='lat' dir='ltr'>Ser—</span> 
     </span>
     <span class='ocr_line' id='line_1_39' title="bbox 326 2139 1082 2185; baseline -0.011 -5"><span class='ocrx_word' id='word_1_203' title='bbox 326 2145 384 2185; x_wconf 90' lang='lat' dir='ltr'>vi,</span> <span class='ocrx_word' id='word_1_204' title='bbox 413 2143 464 2179; x_wconf 88' lang='lat' dir='ltr'>nil</span> <span class='ocrx_word' id='word_1_205' title='bbox 502 2142 629 2177; x_wconf 88' lang='lat' dir='ltr'>mirum</span> <span class='ocrx_word' id='word_1_206' title='bbox 648 2165 658 2179; x_wconf 91' lang='lat'><em>‚</em></span> <span class='ocrx_word' id='word_1_207' title='bbox 687 2140 709 2174; x_wconf 82' lang='lat' dir='ltr'>si</span> <span class='ocrx_word' id='word_1_208' title='bbox 746 2139 908 2174; x_wconf 83' lang='lat' dir='ltr'>certatim</span> <span class='ocrx_word' id='word_1_209' title='bbox 937 2152 977 2174; x_wconf 84' lang='lat' dir='ltr'>eo</span> <span class='ocrx_word' id='word_1_210' title='bbox 1002 2152 1082 2173; x_wconf 80' lang='lat' dir='ltr'>rue—</span> 
     </span>
     <span class='ocr_line' id='line_1_40' title="bbox 326 2189 1083 2243; baseline -0.011 -12"><span class='ocrx_word' id='word_1_211' title='bbox 326 2204 427 2243; x_wconf 76' lang='lat' dir='ltr'>rent3</span> <span class='ocrx_word' id='word_1_212' title='bbox 456 2207 494 2229; x_wconf 84' lang='lat' dir='ltr'>ac</span> <span class='ocrx_word' id='word_1_213' title='bbox 532 2200 713 2241; x_wconf 86' lang='lat' dir='ltr'>propterea</span> <span class='ocrx_word' id='word_1_214' title='bbox 747 2189 903 2236; x_wconf 81' lang='lat' dir='ltr'>antiquis</span> <span class='ocrx_word' id='word_1_215' title='bbox 933 2190 1083 2224; x_wconf 85' lang='lat' dir='ltr'>Saeculis</span> 
     </span>
     <span class='ocr_line' id='line_1_41' title="bbox 327 2241 1083 2282; baseline -0.009 -2"><span class='ocrx_word' id='word_1_216' title='bbox 327 2255 426 2282; x_wconf 84' lang='lat' dir='ltr'>tanta</span> <span class='ocrx_word' id='word_1_217' title='bbox 463 2242 686 2279; x_wconf 79' lang='lat' dir='ltr'>sacerdotum</span> <span class='ocrx_word' id='word_1_218' title='bbox 723 2241 823 2275; x_wconf 83' lang='lat' dir='ltr'>turba</span> <span class='ocrx_word' id='word_1_219' title='bbox 852 2243 869 2275; x_wconf 79' lang='grc' dir='ltr'>ὲ</span> <span class='ocrx_word' id='word_1_220' title='bbox 898 2242 1083 2275; x_wconf 85' lang='lat' dir='ltr'>Servorum</span> 
     </span>
     <span class='ocr_line' id='line_1_42' title="bbox 329 2289 1085 2331; baseline -0.011 0"><span class='ocrx_word' id='word_1_221' title='bbox 329 2294 441 2331; x_wconf 81' lang='lat' dir='ltr'>castris</span> <span class='ocrx_word' id='word_1_222' title='bbox 463 2294 503 2329; x_wconf 88' lang='lat' dir='ltr'>ad</span> <span class='ocrx_word' id='word_1_223' title='bbox 527 2292 611 2328; x_wconf 86' lang='lat' dir='ltr'>sacri</span> <span class='ocrx_word' id='word_1_224' title='bbox 633 2291 769 2327; x_wconf 72' lang='lat' dir='ltr'>Altaris</span> <span class='ocrx_word' id='word_1_225' title='bbox 791 2289 980 2325; x_wconf 84' lang='lat' dir='ltr'>ministeria</span> <span class='ocrx_word' id='word_1_226' title='bbox 1002 2303 1085 2324; x_wconf 85' lang='lat' dir='ltr'>con-</span> 
     </span>
     <span class='ocr_line' id='line_1_43' title="bbox 330 2341 1086 2390; baseline -0.011 -9"><span class='ocrx_word' id='word_1_227' title='bbox 330 2345 522 2381; x_wconf 87' lang='lat' dir='ltr'>scenderet.</span> <span class='ocrx_word' id='word_1_228' title='bbox 547 2345 588 2378; x_wconf 88' lang='lat' dir='ltr'>ln</span> <span class='ocrx_word' id='word_1_229' title='bbox 615 2342 650 2378; x_wconf 86' lang='lat' dir='ltr'>id</span> <span class='ocrx_word' id='word_1_230' title='bbox 676 2341 833 2390; x_wconf 81' lang='lat' dir='ltr'>persaepe</span> <span class='ocrx_word' id='word_1_231' title='bbox 855 2342 954 2375; x_wconf 89' lang='lat' dir='ltr'>nullo</span> <span class='ocrx_word' id='word_1_232' title='bbox 981 2353 1086 2388; x_wconf 78' lang='lat' dir='ltr'>nego-</span> 
     </span>
     <span class='ocr_line' id='line_1_44' title="bbox 330 2390 1086 2442; baseline -0.008 -11"><span class='ocrx_word' id='word_1_233' title='bbox 330 2397 383 2432; x_wconf 89' lang='lat' dir='ltr'>tio</span> <span class='ocrx_word' id='word_1_234' title='bbox 410 2394 471 2442; x_wconf 71' lang='lat' dir='ltr'>ipsi</span> <span class='ocrx_word' id='word_1_235' title='bbox 499 2407 638 2442; x_wconf 88' lang='lat' dir='ltr'>quoque</span> <span class='ocrx_word' id='word_1_236' title='bbox 665 2392 929 2427; x_wconf 73' lang='lat' dir='ltr'>consentiebant</span> <span class='ocrx_word' id='word_1_237' title='bbox 960 2390 1086 2426; x_wconf 85' lang='lat' dir='ltr'>Domi—</span> 
     </span>
     <span class='ocr_line' id='line_1_45' title="bbox 331 2440 1086 2493; baseline -0.008 -12"><span class='ocrx_word' id='word_1_238' title='bbox 331 2446 392 2485; x_wconf 87' lang='lat' dir='ltr'>ni,</span> <span class='ocrx_word' id='word_1_239' title='bbox 420 2445 487 2480; x_wconf 81' lang='lat' dir='ltr'>slve</span> <span class='ocrx_word' id='word_1_240' title='bbox 515 2443 701 2493; x_wconf 81' lang='lat' dir='ltr'>Episcopi,</span> <span class='ocrx_word' id='word_1_241' title='bbox 729 2441 798 2477; x_wconf 86' lang='lat' dir='ltr'>five</span> <span class='ocrx_word' id='word_1_242' title='bbox 826 2440 1018 2480; x_wconf 88' lang='lat' dir='ltr'>Monachi,</span> <span class='ocrx_word' id='word_1_243' title='bbox 1047 2440 1086 2474; x_wconf 80' lang='lat' dir='ltr'>sl-</span> 
     </span>
     <span class='ocr_line' id='line_1_46' title="bbox 332 2490 1087 2541; baseline -0.005 -11"><span class='ocrx_word' id='word_1_244' title='bbox 332 2510 373 2531; x_wconf 90' lang='lat' dir='ltr'>ve</span> <span class='ocrx_word' id='word_1_245' title='bbox 411 2494 539 2534; x_wconf 79' lang='lat' dir='ltr'>Laici,</span> <span class='ocrx_word' id='word_1_246' title='bbox 576 2493 669 2541; x_wconf 87' lang='lat' dir='ltr'>quod</span> <span class='ocrx_word' id='word_1_247' title='bbox 708 2492 879 2540; x_wconf 74' lang='lat' dir='ltr'>plerisque</span> <span class='ocrx_word' id='word_1_248' title='bbox 916 2490 1087 2526; x_wconf 76' lang='lat' dir='ltr'>Ecclesiae</span> 
     </span>
     <span class='ocr_line' id='line_1_47' title="bbox 335 2541 1088 2590; baseline -0.005 -10"><span class='ocrx_word' id='word_1_249' title='bbox 335 2546 471 2584; x_wconf 73' lang='lat' dir='ltr'>forent,</span> <span class='ocrx_word' id='word_1_250' title='bbox 508 2554 566 2579; x_wconf 85' lang='lat' dir='ltr'>aut</span> <span class='ocrx_word' id='word_1_251' title='bbox 602 2545 767 2589; x_wconf 81' lang='lat' dir='ltr'>Capellae</span> <span class='ocrx_word' id='word_1_252' title='bbox 804 2542 888 2590; x_wconf 81' lang='lat' dir='ltr'>juris</span> <span class='ocrx_word' id='word_1_253' title='bbox 925 2541 1088 2590; x_wconf 87' lang='lat' dir='ltr'>proprii,</span> 
     </span>
    </p>
   </div>
   <div class='ocr_carea' id='block_1_5' title="bbox 1112 276 1940 328">
    <p class='ocr_par' dir='ltr' id='par_1_5' title="bbox 1112 276 1940 328">
     <span class='ocr_line' id='line_1_48' title="bbox 1112 276 1940 328; baseline 0.004 -15"><span class='ocrx_word' id='word_1_254' title='bbox 1112 278 1153 327; x_wconf 68' lang='lat' dir='ltr'>A⁴</span> <span class='ocrx_word' id='word_1_255' title='bbox 1185 277 1252 312; x_wconf 77' lang='lat' dir='ltr'>five</span> <span class='ocrx_word' id='word_1_256' title='bbox 1289 277 1372 326; x_wconf 73' lang='lat' dir='ltr'>juris</span> <span class='ocrx_word' id='word_1_257' title='bbox 1409 286 1640 328; x_wconf 56' lang='lat' dir='ltr'>patronatus}</span> <span class='ocrx_word' id='word_1_258' title='bbox 1676 278 1711 314; x_wconf 70' lang='grc' dir='ltr'>δε</span> <span class='ocrx_word' id='word_1_259' title='bbox 1750 276 1940 327; x_wconf 79' lang='lat' dir='ltr'>quum&#39;de</span> 
     </span>
    </p>
   </div>
   <div class='ocr_carea' id='block_1_6' title="bbox 1186 329 1955 2534">
    <p class='ocr_par' dir='ltr' id='par_1_6' title="bbox 1186 329 1945 1069">
     <span class='ocr_line' id='line_1_49' title="bbox 1186 329 1939 366; baseline 0.005 -4"><span class='ocrx_word' id='word_1_260' title='bbox 1186 329 1366 363; x_wconf 80' lang='lat' dir='ltr'>Sacerdote</span> <span class='ocrx_word' id='word_1_261' title='bbox 1403 341 1462 366; x_wconf 90' lang='lat' dir='ltr'>aut</span> <span class='ocrx_word' id='word_1_262' title='bbox 1492 331 1646 365; x_wconf 87' lang='lat' dir='ltr'>Parocho</span> <span class='ocrx_word' id='word_1_263' title='bbox 1675 329 1777 364; x_wconf 88' lang='lat' dir='ltr'>sacris</span> <span class='ocrx_word' id='word_1_264' title='bbox 1814 330 1858 365; x_wconf 83' lang='lat' dir='ltr'>iis</span> <span class='ocrx_word' id='word_1_265' title='bbox 1887 331 1939 366; x_wconf 89' lang='lat' dir='ltr'>lo-</span> 
     </span>
     <span class='ocr_line' id='line_1_50' title="bbox 1186 379 1939 430; baseline 0.003 -17"><span class='ocrx_word' id='word_1_266' title='bbox 1186 392 1234 414; x_wconf 79' lang='lat' dir='ltr'>cis</span> <span class='ocrx_word' id='word_1_267' title='bbox 1272 379 1502 427; x_wconf 73' lang='lat' dir='ltr'>praeficiendo</span> <span class='ocrx_word' id='word_1_268' title='bbox 1531 382 1715 430; x_wconf 84' lang='lat' dir='ltr'>agebatur,</span> <span class='ocrx_word' id='word_1_269' title='bbox 1744 379 1849 415; x_wconf 80' lang='lat' dir='ltr'>satius</span> <span class='ocrx_word' id='word_1_270' title='bbox 1886 395 1939 415; x_wconf 89' lang='lat' dir='ltr'>ar-</span> 
     </span>
     <span class='ocr_line' id='line_1_51' title="bbox 1187 430 1941 470; baseline 0.001 -7"><span class='ocrx_word' id='word_1_271' title='bbox 1187 430 1424 470; x_wconf 80' lang='lat' dir='ltr'>bitrabantur,</span> <span class='ocrx_word' id='word_1_272' title='bbox 1452 445 1559 467; x_wconf 89' lang='lat' dir='ltr'>unum</span> <span class='ocrx_word' id='word_1_273' title='bbox 1588 446 1637 467; x_wconf 82' lang='lat' dir='ltr'>ex·</span> <span class='ocrx_word' id='word_1_274' title='bbox 1659 430 1774 466; x_wconf 86' lang='lat' dir='ltr'>Servis</span> <span class='ocrx_word' id='word_1_275' title='bbox 1803 430 1870 465; x_wconf 87' lang='lat' dir='ltr'>suis</span> <span class='ocrx_word' id='word_1_276' title='bbox 1900 430 1941 465; x_wconf 80' lang='lat' dir='ltr'>ad</span> 
     </span>
     <span class='ocr_line' id='line_1_52' title="bbox 1186 480 1942 531; baseline -0.003 -15"><span class='ocrx_word' id='word_1_277' title='bbox 1186 480 1221 516; x_wconf 91' lang='lat' dir='ltr'>id</span> <span class='ocrx_word' id='word_1_278' title='bbox 1251 482 1402 517; x_wconf 77' lang='lat' dir='ltr'>muneris</span> <span class='ocrx_word' id='word_1_279' title='bbox 1439 482 1610 531; x_wconf 80' lang='lat' dir='ltr'>deligere,</span> <span class='ocrx_word' id='word_1_280' title='bbox 1639 481 1849 530; x_wconf 85' lang='lat' dir='ltr'>morigerum</span> <span class='ocrx_word' id='word_1_281' title='bbox 1881 480 1942 515; x_wconf 77' lang='lat' dir='ltr'>fibi</span> 
     </span>
     <span class='ocr_line' id='line_1_53' title="bbox 1187 531 1941 579; baseline 0.001 -14"><span class='ocrx_word' id='word_1_282' title='bbox 1187 531 1288 566; x_wconf 88' lang='lat' dir='ltr'>facile</span> <span class='ocrx_word' id='word_1_283' title='bbox 1317 532 1494 572; x_wconf 87' lang='lat' dir='ltr'>futurum,</span> <span class='ocrx_word' id='word_1_284' title='bbox 1523 534 1627 579; x_wconf 78' lang='lat' dir='ltr'>quam</span> <span class='ocrx_word' id='word_1_285' title='bbox 1655 542 1858 567; x_wconf 85' lang='lat' dir='ltr'>extraneum</span> <span class='ocrx_word' id='word_1_286' title='bbox 1887 531 1941 566; x_wconf 84' lang='lat' dir='ltr'>ni-</span> 
     </span>
     <span class='ocr_line' id='line_1_54' title="bbox 1187 581 1942 629; baseline 0.001 -14"><span class='ocrx_word' id='word_1_287' title='bbox 1187 581 1238 616; x_wconf 81' lang='lat' dir='ltr'>hil</span> <span class='ocrx_word' id='word_1_288' title='bbox 1265 581 1326 617; x_wconf 80' lang='lat' dir='ltr'>fibi</span> <span class='ocrx_word' id='word_1_289' title='bbox 1355 592 1455 618; x_wconf 87' lang='lat' dir='ltr'>antea</span> <span class='ocrx_word' id='word_1_290' title='bbox 1484 583 1700 617; x_wconf 84' lang='lat' dir='ltr'>obnoxium.</span> <span class='ocrx_word' id='word_1_291' title='bbox 1736 582 1834 616; x_wconf 82' lang='lat' dir='ltr'>Hinc</span> <span class='ocrx_word' id='word_1_292' title='bbox 1860 594 1942 629; x_wconf 86' lang='lat' dir='ltr'>ergo</span> 
     </span>
     <span class='ocr_line' id='line_1_55' title="bbox 1187 632 1942 665; baseline -0.001 0"><span class='ocrx_word' id='word_1_293' title='bbox 1187 632 1349 665; x_wconf 79' lang='lat' dir='ltr'>manabat</span> <span class='ocrx_word' id='word_1_294' title='bbox 1386 638 1502 665; x_wconf 77' lang='lat' dir='ltr'>tantus</span> <span class='ocrx_word' id='word_1_295' title='bbox 1539 633 1603 665; x_wconf 86' lang='lat' dir='ltr'>ille</span> <span class='ocrx_word' id='word_1_296' title='bbox 1639 634 1824 665; x_wconf 87' lang='lat' dir='ltr'>Servorum</span> <span class='ocrx_word' id='word_1_297' title='bbox 1859 643 1942 665; x_wconf 90' lang='lat' dir='ltr'>con-</span> 
     </span>
     <span class='ocr_line' id='line_1_56' title="bbox 1189 679 1943 729; baseline 0 -14"><span class='ocrx_word' id='word_1_298' title='bbox 1189 680 1302 715; x_wconf 85' lang='lat' dir='ltr'>fluxus</span> <span class='ocrx_word' id='word_1_299' title='bbox 1328 681 1368 714; x_wconf 87' lang='lat' dir='ltr'>ad</span> <span class='ocrx_word' id='word_1_300' title='bbox 1395 681 1657 729; x_wconf 76' lang='lat' dir='ltr'>Sacerdotium3</span> <span class='ocrx_word' id='word_1_301' title='bbox 1684 690 1788 727; x_wconf 85' lang='lat' dir='ltr'>atque</span> <span class='ocrx_word' id='word_1_302' title='bbox 1813 679 1843 714; x_wconf 87' lang='lat' dir='ltr'>is</span> <span class='ocrx_word' id='word_1_303' title='bbox 1868 693 1943 716; x_wconf 79' lang='lat' dir='ltr'>mos</span> 
     </span>
     <span class='ocr_line' id='line_1_57' title="bbox 1188 730 1943 766; baseline 0 0"><span class='ocrx_word' id='word_1_304' title='bbox 1188 744 1257 766; x_wconf 87' lang='lat' dir='ltr'>non</span> <span class='ocrx_word' id='word_1_305' title='bbox 1289 730 1476 765; x_wconf 85' lang='lat' dir='ltr'>barbaricis</span> <span class='ocrx_word' id='word_1_306' title='bbox 1510 733 1646 766; x_wconf 75' lang='lat' dir='ltr'>tantum</span> <span class='ocrx_word' id='word_1_307' title='bbox 1683 730 1814 765; x_wconf 81' lang='lat' dir='ltr'>Setulis</span> <span class='ocrx_word' id='word_1_308' title='bbox 1843 730 1943 766; x_wconf 86' lang='lat' dir='ltr'>inva-</span> 
     </span>
     <span class='ocr_line' id='line_1_58' title="bbox 1189 780 1945 829; baseline 0.001 -13"><span class='ocrx_word' id='word_1_309' title='bbox 1189 782 1278 820; x_wconf 83' lang='lat' dir='ltr'>luit,</span> <span class='ocrx_word' id='word_1_310' title='bbox 1316 780 1368 816; x_wconf 88' lang='lat' dir='ltr'>sed</span> <span class='ocrx_word' id='word_1_311' title='bbox 1398 780 1473 829; x_wconf 85' lang='lat' dir='ltr'>ipso</span> <span class='ocrx_word' id='word_1_312' title='bbox 1510 795 1648 829; x_wconf 89' lang='lat' dir='ltr'>quoque</span> <span class='ocrx_word' id='word_1_313' title='bbox 1683 781 1809 816; x_wconf 84' lang='lat' dir='ltr'>Seculo</span> <span class='ocrx_word' id='word_1_314' title='bbox 1839 780 1945 817; x_wconf 84' lang='lat' dir='ltr'>Chri-</span> 
     </span>
     <span class='ocr_line' id='line_1_59' title="bbox 1188 831 1945 880; baseline 0.001 -14"><span class='ocrx_word' id='word_1_315' title='bbox 1188 832 1313 867; x_wconf 82' lang='lat' dir='ltr'>stianae</span> <span class='ocrx_word' id='word_1_316' title='bbox 1342 832 1529 867; x_wconf 76' lang='lat' dir='ltr'>Aerae·V.</span> <span class='ocrx_word' id='word_1_317' title='bbox 1557 846 1663 880; x_wconf 81' lang='lat' dir='ltr'>quum</span> <span class='ocrx_word' id='word_1_318' title='bbox 1697 844 1797 870; x_wconf 87' lang='lat' dir='ltr'>eum,</span> <span class='ocrx_word' id='word_1_319' title='bbox 1826 840 1864 866; x_wconf 92' lang='lat' dir='ltr'>ut</span> <span class='ocrx_word' id='word_1_320' title='bbox 1892 831 1945 868; x_wconf 88' lang='lat' dir='ltr'>su-</span> 
     </span>
     <span class='ocr_line' id='line_1_60' title="bbox 1190 882 1943 931; baseline -0.001 -14"><span class='ocrx_word' id='word_1_321' title='bbox 1190 896 1246 931; x_wconf 86' lang='lat' dir='ltr'>pra</span> <span class='ocrx_word' id='word_1_322' title='bbox 1272 882 1394 919; x_wconf 82' lang='lat' dir='ltr'>innui,</span> <span class='ocrx_word' id='word_1_323' title='bbox 1417 882 1625 927; x_wconf 81' lang='lat' dir='ltr'>improbarit</span> <span class='ocrx_word' id='word_1_324' title='bbox 1651 882 1809 928; x_wconf 86' lang='lat' dir='ltr'>Synodus</span> <span class='ocrx_word' id='word_1_325' title='bbox 1834 882 1943 917; x_wconf 82' lang='lat' dir='ltr'>Chal-</span> 
     </span>
     <span class='ocr_line' id='line_1_61' title="bbox 1188 932 1945 980; baseline -0.001 -12"><span class='ocrx_word' id='word_1_326' title='bbox 1188 932 1404 972; x_wconf 82' lang='lat' dir='ltr'>cedonensis,</span> <span class='ocrx_word' id='word_1_327' title='bbox 1425 933 1458 967; x_wconf 75' lang='lat'>8&lt;</span> <span class='ocrx_word' id='word_1_328' title='bbox 1486 933 1595 980; x_wconf 86' lang='lat' dir='ltr'>postea</span> <span class='ocrx_word' id='word_1_329' title='bbox 1621 933 1769 968; x_wconf 83' lang='lat' dir='ltr'>Carolus</span> <span class='ocrx_word' id='word_1_330' title='bbox 1793 933 1945 980; x_wconf 85' lang='lat' dir='ltr'>Magnus</span> 
     </span>
     <span class='ocr_line' id='line_1_62' title="bbox 1190 982 1945 1031; baseline -0.001 -13"><span class='ocrx_word' id='word_1_331' title='bbox 1190 982 1384 1031; x_wconf 78' lang='lat' dir='ltr'>Augustus,</span> <span class='ocrx_word' id='word_1_332' title='bbox 1413 982 1465 1018; x_wconf 89' lang='lat' dir='ltr'>uti</span> <span class='ocrx_word' id='word_1_333' title='bbox 1493 983 1530 1017; x_wconf 92' lang='lat' dir='ltr'>in</span> <span class='ocrx_word' id='word_1_334' title='bbox 1559 982 1777 1031; x_wconf 85' lang='lat' dir='ltr'>praecedenti</span> <span class='ocrx_word' id='word_1_335' title='bbox 1805 982 1945 1018; x_wconf 80' lang='lat' dir='ltr'>Differt.</span> 
     </span>
     <span class='ocr_line' id='line_1_63' title="bbox 1191 1033 1469 1069; baseline 0 -1"><span class='ocrx_word' id='word_1_336' title='bbox 1191 1033 1367 1069; x_wconf 88' lang='lat' dir='ltr'>vidimus.</span> <span class='ocrx_word' id='word_1_337' title='bbox 1465 1057 1469 1059; x_wconf 19' lang='grc' dir='ltr'>λ</span> 
     </span>
    </p>

    <p class='ocr_par' dir='ltr' id='par_1_7' title="bbox 1188 1083 1955 2534">
     <span class='ocr_line' id='line_1_64' title="bbox 1242 1083 1946 1132; baseline 0 -14"><span class='ocrx_word' id='word_1_338' title='bbox 1242 1085 1281 1118; x_wconf 87' lang='lat' dir='ltr'>In</span> <span class='ocrx_word' id='word_1_339' title='bbox 1311 1083 1576 1119; x_wconf 83' lang='lat' dir='ltr'>Additamentis</span> <span class='ocrx_word' id='word_1_340' title='bbox 1603 1083 1643 1118; x_wconf 84' lang='lat' dir='ltr'>ad</span> <span class='ocrx_word' id='word_1_341' title='bbox 1669 1084 1780 1132; x_wconf 84' lang='lat' dir='ltr'>Leges</span> <span class='ocrx_word' id='word_1_342' title='bbox 1805 1085 1946 1131; x_wconf 85' lang='lat' dir='ltr'>Lango-</span> 
     </span>
     <span class='ocr_line' id='line_1_65' title="bbox 1191 1133 1946 1169; baseline -0.001 0"><span class='ocrx_word' id='word_1_343' title='bbox 1191 1134 1345 1169; x_wconf 82' lang='lat' dir='ltr'>bardicas</span> <span class='ocrx_word' id='word_1_344' title='bbox 1373 1135 1391 1169; x_wconf 67' lang='lat' dir='ltr'>a</span> <span class='ocrx_word' id='word_1_345' title='bbox 1420 1146 1475 1169; x_wconf 89' lang='lat' dir='ltr'>me</span> <span class='ocrx_word' id='word_1_346' title='bbox 1502 1134 1606 1169; x_wconf 85' lang='lat' dir='ltr'>editis</span> <span class='ocrx_word' id='word_1_347' title='bbox 1642 1135 1733 1168; x_wconf 76' lang='lat' dir='ltr'>Part.</span> <span class='ocrx_word' id='word_1_348' title='bbox 1762 1135 1807 1169; x_wconf 85' lang='grc' dir='ltr'>Π.</span> <span class='ocrx_word' id='word_1_349' title='bbox 1836 1133 1946 1168; x_wconf 82' lang='lat' dir='ltr'>Tomi</span> 
     </span>
     <span class='ocr_line' id='line_1_66' title="bbox 1191 1184 1946 1232; baseline -0.003 -12"><span class='ocrx_word' id='word_1_350' title='bbox 1191 1187 1217 1220; x_wconf 91' lang='grc' dir='ltr'>Ι.</span> <span class='ocrx_word' id='word_1_351' title='bbox 1241 1187 1317 1220; x_wconf 77' lang='lat' dir='ltr'>Rer.</span> <span class='ocrx_word' id='word_1_352' title='bbox 1330 1185 1481 1219; x_wconf 85' lang='lat' dir='ltr'>Italicar.</span> <span class='ocrx_word' id='word_1_353' title='bbox 1505 1197 1579 1232; x_wconf 85' lang='lat' dir='ltr'>pag.</span> <span class='ocrx_word' id='word_1_354' title='bbox 1603 1184 1843 1231; x_wconf 82' lang='lat' dir='ltr'>113.Carolus</span> <span class='ocrx_word' id='word_1_355' title='bbox 1866 1185 1946 1218; x_wconf 90' lang='lat' dir='ltr'>Ma-</span> 
     </span>
     <span class='ocr_line' id='line_1_67' title="bbox 1189 1234 1947 1282; baseline -0.004 -12"><span class='ocrx_word' id='word_1_356' title='bbox 1189 1249 1275 1282; x_wconf 84' lang='lat' dir='ltr'>gnus</span> <span class='ocrx_word' id='word_1_357' title='bbox 1304 1235 1388 1270; x_wconf 87' lang='lat' dir='ltr'>haec</span> <span class='ocrx_word' id='word_1_358' title='bbox 1417 1234 1554 1269; x_wconf 71' lang='lat' dir='ltr'>statuit:</span> <span class='ocrx_word' id='word_1_359' title='bbox 1595 1237 1644 1269; x_wconf 78' lang='lat' dir='ltr'>De</span> <span class='ocrx_word' id='word_1_360' title='bbox 1670 1234 1803 1281; x_wconf 71' lang='lat' dir='ltr'>propriis·</span> <span class='ocrx_word' id='word_1_361' title='bbox 1837 1234 1947 1268; x_wconf 73' lang='lat' dir='ltr'>Servis</span> 
     </span>
     <span class='ocr_line' id='line_1_68' title="bbox 1188 1285 1947 1331; baseline -0.001 -13"><span class='ocrx_word' id='word_1_362' title='bbox 1188 1285 1242 1318; x_wconf 81' lang='lat' dir='ltr'>vel</span> <span class='ocrx_word' id='word_1_363' title='bbox 1269 1285 1415 1319; x_wconf 72' lang='lat' dir='ltr'>Ansillis</span> <span class='ocrx_word' id='word_1_364' title='bbox 1442 1295 1478 1317; x_wconf 79' lang='lat' dir='ltr'>ut</span> <span class='ocrx_word' id='word_1_365' title='bbox 1504 1298 1563 1318; x_wconf 76' lang='lat' dir='ltr'>nnn</span> <span class='ocrx_word' id='word_1_366' title='bbox 1591 1285 1735 1331; x_wconf 14' lang='lat' dir='ltr'>amplius,</span> <span class='ocrx_word' id='word_1_367' title='bbox 1753 1286 1947 1322; x_wconf 73' lang='lat' dir='ltr'>tondantur,</span> 
     </span>
     <span class='ocr_line' id='line_1_69' title="bbox 1189 1334 1946 1378; baseline -0.001 -10"><span class='ocrx_word' id='word_1_368' title='bbox 1189 1335 1243 1368; x_wconf 82' lang='lat' dir='ltr'>vel</span> <span class='ocrx_word' id='word_1_369' title='bbox 1270 1335 1437 1372; x_wconf 78' lang='lat' dir='ltr'>velentur,</span> <span class='ocrx_word' id='word_1_370' title='bbox 1465 1334 1526 1374; x_wconf 76' lang='lat' dir='ltr'>nili</span> <span class='ocrx_word' id='word_1_371' title='bbox 1554 1334 1723 1378; x_wconf 47' lang='lat' dir='ltr'>secundnm</span> <span class='ocrx_word' id='word_1_372' title='bbox 1753 1335 1946 1378; x_wconf 79' lang='lat' dir='ltr'>mensuram,</span> 
     </span>
     <span class='ocr_line' id='line_1_70' title="bbox 1190 1383 1951 1428; baseline 0.003 -12"><span class='ocrx_word' id='word_1_373' title='bbox 1190 1395 1224 1416; x_wconf 76' lang='lat' dir='ltr'>m</span> <span class='ocrx_word' id='word_1_374' title='bbox 1252 1383 1298 1421; x_wconf 61' lang='lat' dir='ltr'>(sy</span> <span class='ocrx_word' id='word_1_375' title='bbox 1326 1385 1372 1418; x_wconf 81' lang='lat' dir='ltr'>ibi</span> <span class='ocrx_word' id='word_1_376' title='bbox 1394 1384 1557 1428; x_wconf 78' lang='lat' dir='ltr'>satisfiat,</span> <span class='ocrx_word' id='word_1_377' title='bbox 1585 1383 1631 1422; x_wconf 57' lang='grc' dir='ltr'>δ”</span> <span class='ocrx_word' id='word_1_378' title='bbox 1661 1385 1766 1418; x_wconf 69' lang='lat' dir='ltr'>Vxllae</span> <span class='ocrx_word' id='word_1_379' title='bbox 1802 1397 1861 1418; x_wconf 87' lang='lat' dir='ltr'>non</span> <span class='ocrx_word' id='word_1_380' title='bbox 1882 1384 1951 1425; x_wconf 79' lang='lat' dir='ltr'>sint</span> 
     </span>
     <span class='ocr_line' id='line_1_71' title="bbox 1190 1432 1951 1482; baseline 0.007 -19"><span class='ocrx_word' id='word_1_381' title='bbox 1190 1432 1365 1474; x_wconf 79' lang='lat' dir='ltr'>desolatae.</span> <span class='ocrx_word' id='word_1_382' title='bbox 1394 1434 1486 1466; x_wconf 86' lang='lat' dir='ltr'>Heic</span> <span class='ocrx_word' id='word_1_383' title='bbox 1515 1436 1687 1468; x_wconf 79' lang='lat' dir='ltr'>tondantur</span> <span class='ocrx_word' id='word_1_384' title='bbox 1714 1447 1775 1482; x_wconf 89' lang='lat' dir='ltr'>pro</span> <span class='ocrx_word' id='word_1_385' title='bbox 1799 1436 1951 1467; x_wconf 74' lang='lat' dir='ltr'>tondean—</span> 
     </span>
     <span class='ocr_line' id='line_1_72' title="bbox 1191 1479 1951 1518; baseline 0.007 -5"><span class='ocrx_word' id='word_1_386' title='bbox 1191 1490 1264 1518; x_wconf 79' lang='lat' dir='ltr'>tur,</span> <span class='ocrx_word' id='word_1_387' title='bbox 1293 1479 1376 1514; x_wconf 80' lang='lat' dir='ltr'>idest</span> <span class='ocrx_word' id='word_1_388' title='bbox 1412 1481 1581 1515; x_wconf 79' lang='lat' dir='ltr'>Clericali</span> <span class='ocrx_word' id='word_1_389' title='bbox 1618 1483 1757 1517; x_wconf 62' lang='lat' dir='ltr'>tonsura</span> <span class='ocrx_word' id='word_1_390' title='bbox 1795 1486 1871 1518; x_wconf 87' lang='lat' dir='ltr'>Deo</span> <span class='ocrx_word' id='word_1_391' title='bbox 1899 1482 1951 1518; x_wconf 79' lang='lat' dir='ltr'>sa—</span> 
     </span>
     <span class='ocr_line' id='line_1_73' title="bbox 1192 1530 1952 1566; baseline 0.001 -1"><span class='ocrx_word' id='word_1_392' title='bbox 1192 1538 1351 1565; x_wconf 83' lang='lat' dir='ltr'>crentur.</span> <span class='ocrx_word' id='word_1_393' title='bbox 1390 1530 1538 1563; x_wconf 80' lang='lat' dir='ltr'>Velentur</span> <span class='ocrx_word' id='word_1_394' title='bbox 1563 1530 1605 1564; x_wconf 88' lang='lat' dir='ltr'>de</span> <span class='ocrx_word' id='word_1_395' title='bbox 1633 1531 1790 1566; x_wconf 76' lang='lat' dir='ltr'>Ancillis</span> <span class='ocrx_word' id='word_1_396' title='bbox 1818 1531 1952 1566; x_wconf 57' lang='lat' dir='ltr'>dietum</span> 
     </span>
     <span class='ocr_line' id='line_1_74' title="bbox 1193 1579 1952 1627; baseline 0 -11"><span class='ocrx_word' id='word_1_397' title='bbox 1193 1581 1258 1619; x_wconf 85' lang='lat' dir='ltr'>est,</span> <span class='ocrx_word' id='word_1_398' title='bbox 1287 1593 1374 1627; x_wconf 86' lang='lat' dir='ltr'>quae</span> <span class='ocrx_word' id='word_1_399' title='bbox 1401 1579 1496 1615; x_wconf 88' lang='lat' dir='ltr'>sacro</span> <span class='ocrx_word' id='word_1_400' title='bbox 1514 1580 1952 1616; x_wconf 50' lang='lat' dir='ltr'>velaminexi&#39;umtoMo-</span> 
     </span>
     <span class='ocr_line' id='line_1_75' title="bbox 1194 1630 1951 1678; baseline 0.003 -12"><span class='ocrx_word' id='word_1_401' title='bbox 1194 1630 1354 1666; x_wconf 85' lang='lat' dir='ltr'>nasticam</span> <span class='ocrx_word' id='word_1_402' title='bbox 1385 1630 1496 1665; x_wconf 87' lang='lat' dir='ltr'>vitam</span> <span class='ocrx_word' id='word_1_403' title='bbox 1534 1631 1853 1678; x_wconf 63' lang='lat' dir='ltr'>amplessebantur.</span> <span class='ocrx_word' id='word_1_404' title='bbox 1885 1632 1951 1668; x_wconf 76' lang='lat' dir='ltr'>Vi·</span> 
     </span>
     <span class='ocr_line' id='line_1_76' title="bbox 1192 1680 1950 1728; baseline 0.001 -12"><span class='ocrx_word' id='word_1_405' title='bbox 1192 1682 1275 1719; x_wconf 86' lang='lat' dir='ltr'>des,</span> <span class='ocrx_word' id='word_1_406' title='bbox 1313 1680 1492 1728; x_wconf 87' lang='lat' dir='ltr'>quousque</span> <span class='ocrx_word' id='word_1_407' title='bbox 1527 1682 1723 1716; x_wconf 79' lang='lat' dir='ltr'>excreverit</span> <span class='ocrx_word' id='word_1_408' title='bbox 1765 1684 1950 1717; x_wconf 83' lang='lat' dir='ltr'>Servorum</span> 
     </span>
     <span class='ocr_line' id='line_1_77' title="bbox 1192 1730 1951 1780; baseline 0 -13"><span class='ocrx_word' id='word_1_409' title='bbox 1192 1731 1344 1780; x_wconf 79' lang='lat' dir='ltr'>impetus</span> <span class='ocrx_word' id='word_1_410' title='bbox 1381 1745 1460 1779; x_wconf 84' lang='lat' dir='ltr'>erga</span> <span class='ocrx_word' id='word_1_411' title='bbox 1496 1730 1586 1766; x_wconf 78' lang='lat' dir='ltr'>sacra</span> <span class='ocrx_word' id='word_1_412' title='bbox 1624 1732 1840 1771; x_wconf 85' lang='lat' dir='ltr'>ministeria,</span> <span class='ocrx_word' id='word_1_413' title='bbox 1878 1734 1951 1780; x_wconf 85' lang='lat' dir='ltr'>ple-</span> 
     </span>
     <span class='ocr_line' id='line_1_78' title="bbox 1193 1782 1950 1830; baseline 0.001 -13"><span class='ocrx_word' id='word_1_414' title='bbox 1193 1795 1360 1829; x_wconf 88' lang='lat' dir='ltr'>rumque,</span> <span class='ocrx_word' id='word_1_415' title='bbox 1389 1791 1427 1817; x_wconf 92' lang='lat' dir='ltr'>ut</span> <span class='ocrx_word' id='word_1_416' title='bbox 1466 1792 1571 1830; x_wconf 88' lang='lat' dir='ltr'>puto,</span> <span class='ocrx_word' id='word_1_417' title='bbox 1600 1782 1748 1818; x_wconf 86' lang='lat' dir='ltr'>Pietatis</span> <span class='ocrx_word' id='word_1_418' title='bbox 1785 1796 1824 1818; x_wconf 82' lang='lat' dir='ltr'>ac</span> <span class='ocrx_word' id='word_1_419' title='bbox 1854 1782 1950 1818; x_wconf 80' lang='lat' dir='ltr'>Reli-</span> 
     </span>
     <span class='ocr_line' id='line_1_79' title="bbox 1194 1831 1951 1881; baseline -0.001 -13"><span class='ocrx_word' id='word_1_420' title='bbox 1194 1833 1310 1881; x_wconf 76' lang='lat' dir='ltr'>gionis</span> <span class='ocrx_word' id='word_1_421' title='bbox 1337 1833 1494 1872; x_wconf 85' lang='lat' dir='ltr'>intuitu,</span> <span class='ocrx_word' id='word_1_422' title='bbox 1522 1831 1575 1867; x_wconf 87' lang='lat' dir='ltr'>sed</span> <span class='ocrx_word' id='word_1_423' title='bbox 1605 1846 1673 1867; x_wconf 91' lang='lat' dir='ltr'>non</span> <span class='ocrx_word' id='word_1_424' title='bbox 1708 1835 1785 1867; x_wconf 77' lang='lat' dir='ltr'>raro</span> <span class='ocrx_word' id='word_1_425' title='bbox 1813 1832 1951 1880; x_wconf 89' lang='lat' dir='ltr'>eupidi-</span> 
     </span>
     <span class='ocr_line' id='line_1_80' title="bbox 1195 1882 1950 1919; baseline -0.003 -1"><span class='ocrx_word' id='word_1_426' title='bbox 1195 1892 1266 1919; x_wconf 89' lang='lat' dir='ltr'>tate</span> <span class='ocrx_word' id='word_1_427' title='bbox 1288 1882 1451 1918; x_wconf 79' lang='lat' dir='ltr'>afferendi</span> <span class='ocrx_word' id='word_1_428' title='bbox 1473 1882 1538 1918; x_wconf 86' lang='lat' dir='ltr'>sese</span> <span class='ocrx_word' id='word_1_429' title='bbox 1558 1882 1595 1917; x_wconf 81' lang='lat' dir='ltr'>in</span> <span class='ocrx_word' id='word_1_430' title='bbox 1616 1882 1834 1918; x_wconf 82' lang='lat' dir='ltr'>Libertatem</span> <span class='ocrx_word' id='word_1_431' title='bbox 1849 1910 1857 1918; x_wconf 86' lang='lat'><strong>.</strong></span> <span class='ocrx_word' id='word_1_432' title='bbox 1881 1885 1950 1916; x_wconf 85' lang='lat' dir='ltr'>Ve-</span> 
     </span>
     <span class='ocr_line' id='line_1_81' title="bbox 1196 1930 1951 1981; baseline -0.001 -12"><span class='ocrx_word' id='word_1_433' title='bbox 1196 1935 1271 1969; x_wconf 69' lang='lat' dir='ltr'>rum</span> <span class='ocrx_word' id='word_1_434' title='bbox 1300 1946 1408 1980; x_wconf 89' lang='lat' dir='ltr'>quum</span> <span class='ocrx_word' id='word_1_435' title='bbox 1446 1933 1519 1981; x_wconf 85' lang='lat' dir='ltr'>agri</span> <span class='ocrx_word' id='word_1_436' title='bbox 1555 1932 1600 1968; x_wconf 85' lang='lat' dir='ltr'>iis</span> <span class='ocrx_word' id='word_1_437' title='bbox 1637 1930 1853 1981; x_wconf 78' lang='lat' dir='ltr'>potissimum</span> <span class='ocrx_word' id='word_1_438' title='bbox 1891 1946 1951 1968; x_wconf 85' lang='lat' dir='ltr'>ex—</span> 
     </span>
     <span class='ocr_line' id='line_1_82' title="bbox 1197 1982 1952 2030; baseline -0.001 -11"><span class='ocrx_word' id='word_1_439' title='bbox 1197 1985 1335 2020; x_wconf 87' lang='lat' dir='ltr'>colendi</span> <span class='ocrx_word' id='word_1_440' title='bbox 1365 1983 1601 2022; x_wconf 87' lang='lat' dir='ltr'>traderentur,</span> <span class='ocrx_word' id='word_1_441' title='bbox 1626 1995 1815 2029; x_wconf 87' lang='lat' dir='ltr'>eorumque</span> <span class='ocrx_word' id='word_1_442' title='bbox 1840 1982 1952 2030; x_wconf 82' lang='lat' dir='ltr'>agmi-</span> 
     </span>
     <span class='ocr_line' id='line_1_83' title="bbox 1198 2033 1953 2081; baseline -0.004 -11"><span class='ocrx_word' id='word_1_443' title='bbox 1198 2049 1240 2070; x_wconf 86' lang='lat' dir='ltr'>na</span> <span class='ocrx_word' id='word_1_444' title='bbox 1269 2035 1350 2070; x_wconf 87' lang='lat' dir='ltr'>inde</span> <span class='ocrx_word' id='word_1_445' title='bbox 1376 2035 1576 2072; x_wconf 84' lang='lat' dir='ltr'>avolarent,</span> <span class='ocrx_word' id='word_1_446' title='bbox 1602 2042 1640 2067; x_wconf 90' lang='lat' dir='ltr'>ut</span> <span class='ocrx_word' id='word_1_447' title='bbox 1666 2034 1821 2081; x_wconf 87' lang='lat' dir='ltr'>Templo</span> <span class='ocrx_word' id='word_1_448' title='bbox 1846 2033 1953 2068; x_wconf 87' lang='lat' dir='ltr'>inser-</span> 
     </span>
     <span class='ocr_line' id='line_1_84' title="bbox 1199 2082 1953 2132; baseline -0.008 -11"><span class='ocrx_word' id='word_1_449' title='bbox 1199 2086 1337 2124; x_wconf 87' lang='lat' dir='ltr'>virent,</span> <span class='ocrx_word' id='word_1_450' title='bbox 1354 2085 1443 2120; x_wconf 90' lang='lat' dir='ltr'>unde</span> <span class='ocrx_word' id='word_1_451' title='bbox 1464 2084 1498 2119; x_wconf 88' lang='lat' dir='ltr'>in</span> <span class='ocrx_word' id='word_1_452' title='bbox 1521 2083 1593 2132; x_wconf 84' lang='lat' dir='ltr'>agri</span> <span class='ocrx_word' id='word_1_453' title='bbox 1614 2084 1785 2117; x_wconf 88' lang='lat' dir='ltr'>culturam</span> <span class='ocrx_word' id='word_1_454' title='bbox 1800 2108 1808 2120; x_wconf 94' lang='lat'>,</span> <span class='ocrx_word' id='word_1_455' title='bbox 1826 2082 1953 2131; x_wconf 80' lang='lat' dir='ltr'>ipsam-</span> 
     </span>
     <span class='ocr_line' id='line_1_85' title="bbox 1199 2132 1953 2184; baseline -0.003 -13"><span class='ocrx_word' id='word_1_456' title='bbox 1199 2149 1266 2184; x_wconf 86' lang='lat' dir='ltr'>que</span> <span class='ocrx_word' id='word_1_457' title='bbox 1295 2149 1366 2171; x_wconf 88' lang='lat' dir='ltr'>rem</span> <span class='ocrx_word' id='word_1_458' title='bbox 1406 2135 1580 2181; x_wconf 85' lang='lat' dir='ltr'>publicam</span> <span class='ocrx_word' id='word_1_459' title='bbox 1619 2132 1842 2168; x_wconf 86' lang='lat' dir='ltr'>incommoda</span> <span class='ocrx_word' id='word_1_460' title='bbox 1883 2147 1953 2169; x_wconf 87' lang='lat' dir='ltr'>non</span> 
     </span>
     <span class='ocr_line' id='line_1_86' title="bbox 1201 2182 1953 2234; baseline -0.004 -12"><span class='ocrx_word' id='word_1_461' title='bbox 1201 2199 1306 2234; x_wconf 84' lang='lat' dir='ltr'>pauca</span> <span class='ocrx_word' id='word_1_462' title='bbox 1334 2185 1653 2232; x_wconf 74' lang='lat' dir='ltr'>consequebantur:</span> <span class='ocrx_word' id='word_1_463' title='bbox 1686 2182 1953 2230; x_wconf 75' lang='lat' dir='ltr'>sapientissimus</span> 
     </span>
     <span class='ocr_line' id='line_1_87' title="bbox 1198 2234 1952 2284; baseline -0.004 -13"><span class='ocrx_word' id='word_1_464' title='bbox 1198 2237 1261 2272; x_wconf 88' lang='lat' dir='ltr'>ille</span> <span class='ocrx_word' id='word_1_465' title='bbox 1298 2236 1469 2284; x_wconf 78' lang='lat' dir='ltr'>Augustus</span> <span class='ocrx_word' id='word_1_466' title='bbox 1511 2234 1819 2281; x_wconf 77' lang='lat' dir='ltr'>intemperantiam</span> <span class='ocrx_word' id='word_1_467' title='bbox 1865 2234 1952 2269; x_wconf 85' lang='lat' dir='ltr'>hanc</span> 
     </span>
     <span class='ocr_line' id='line_1_88' title="bbox 1198 2283 1951 2323; baseline -0.005 -1"><span class='ocrx_word' id='word_1_468' title='bbox 1198 2287 1419 2323; x_wconf 67' lang='lat' dir='ltr'>coercendam</span> <span class='ocrx_word' id='word_1_469' title='bbox 1447 2294 1561 2322; x_wconf 89' lang='lat' dir='ltr'>ratus,</span> <span class='ocrx_word' id='word_1_470' title='bbox 1590 2283 1727 2323; x_wconf 80' lang='lat' dir='ltr'>statuit,</span> <span class='ocrx_word' id='word_1_471' title='bbox 1757 2293 1795 2319; x_wconf 88' lang='lat' dir='ltr'>ut</span> <span class='ocrx_word' id='word_1_472' title='bbox 1829 2284 1951 2319; x_wconf 89' lang='lat' dir='ltr'>modus</span> 
     </span>
     <span class='ocr_line' id='line_1_89' title="bbox 1198 2334 1952 2385; baseline -0.007 -12"><span class='ocrx_word' id='word_1_473' title='bbox 1198 2338 1326 2385; x_wconf 81' lang='lat' dir='ltr'>aliquis</span> <span class='ocrx_word' id='word_1_474' title='bbox 1361 2336 1450 2371; x_wconf 89' lang='lat' dir='ltr'>soret</span> <span class='ocrx_word' id='word_1_475' title='bbox 1477 2334 1513 2370; x_wconf 89' lang='lat' dir='ltr'>in</span> <span class='ocrx_word' id='word_1_476' title='bbox 1552 2335 1721 2381; x_wconf 80' lang='lat' dir='ltr'>posterum</span> <span class='ocrx_word' id='word_1_477' title='bbox 1759 2334 1952 2382; x_wconf 89' lang='lat' dir='ltr'>provehen-</span> 
     </span>
     <span class='ocr_line' id='line_1_90' title="bbox 1197 2384 1953 2423; baseline -0.007 1"><span class='ocrx_word' id='word_1_478' title='bbox 1197 2389 1250 2423; x_wconf 89' lang='lat' dir='ltr'>dis</span> <span class='ocrx_word' id='word_1_479' title='bbox 1277 2387 1317 2423; x_wconf 81' lang='lat' dir='ltr'>ad</span> <span class='ocrx_word' id='word_1_480' title='bbox 1354 2385 1444 2421; x_wconf 87' lang='lat' dir='ltr'>sacra</span> <span class='ocrx_word' id='word_1_481' title='bbox 1473 2384 1607 2420; x_wconf 85' lang='lat' dir='ltr'>servilis</span> <span class='ocrx_word' id='word_1_482' title='bbox 1645 2384 1862 2421; x_wconf 87' lang='lat' dir='ltr'>conditionis</span> <span class='ocrx_word' id='word_1_483' title='bbox 1890 2384 1953 2419; x_wconf 86' lang='lat' dir='ltr'>ho-</span> 
     </span>
     <span class='ocr_line' id='line_1_91' title="bbox 1198 2434 1955 2482; baseline -0.004 -9"><span class='ocrx_word' id='word_1_484' title='bbox 1198 2437 1373 2473; x_wconf 88' lang='lat' dir='ltr'>minibus.</span> <span class='ocrx_word' id='word_1_485' title='bbox 1410 2436 1467 2471; x_wconf 87' lang='lat' dir='ltr'>Ad</span> <span class='ocrx_word' id='word_1_486' title='bbox 1503 2436 1586 2470; x_wconf 85' lang='lat' dir='ltr'>haec</span> <span class='ocrx_word' id='word_1_487' title='bbox 1624 2438 1719 2482; x_wconf 81' lang='lat' dir='ltr'>Lege</span> <span class='ocrx_word' id='word_1_488' title='bbox 1750 2438 1832 2482; x_wconf 81' lang='lat'>138.</span> <span class='ocrx_word' id='word_1_489' title='bbox 1862 2434 1955 2470; x_wconf 83' lang='lat' dir='ltr'>inter</span> 
     </span>
     <span class='ocr_line' id='line_1_92' title="bbox 1196 2485 1954 2534; baseline -0.008 -11"><span class='ocrx_word' id='word_1_490' title='bbox 1196 2486 1478 2534; x_wconf 83' lang='lat' dir='ltr'>Langobardicas</span> <span class='ocrx_word' id='word_1_491' title='bbox 1505 2486 1640 2521; x_wconf 82' lang='lat' dir='ltr'>edixit:</span> <span class='ocrx_word' id='word_1_492' title='bbox 1677 2490 1717 2521; x_wconf 81' lang='lat' dir='ltr'>Ut</span> <span class='ocrx_word' id='word_1_493' title='bbox 1744 2489 1877 2519; x_wconf 76' lang='lat' dir='ltr'>Servum</span> <span class='ocrx_word' id='word_1_494' title='bbox 1904 2485 1954 2518; x_wconf 80' lang='lat' dir='ltr'>al—</span> 
     </span>
    </p>
   </div>
   <div class='ocr_carea' id='block_1_7' title="bbox 445 2535 1957 2640">
    <p class='ocr_par' dir='ltr' id='par_1_8' title="bbox 445 2535 1957 2640">
     <span class='ocr_line' id='line_1_93' title="bbox 1170 2535 1957 2582; baseline -0.005 -11"><span class='ocrx_word' id='word_1_495' title='bbox 1170 2539 1293 2572; x_wconf 54' lang='lat' dir='ltr'>,terius</span> <span class='ocrx_word' id='word_1_496' title='bbox 1329 2550 1414 2571; x_wconf 76' lang='lat' dir='ltr'>nemu</span> <span class='ocrx_word' id='word_1_497' title='bbox 1443 2537 1580 2582; x_wconf 72' lang='lat' dir='ltr'>solicitet</span> <span class='ocrx_word' id='word_1_498' title='bbox 1614 2537 1658 2571; x_wconf 75' lang='lat' dir='ltr'>ad</span> <span class='ocrx_word' id='word_1_499' title='bbox 1693 2536 1877 2570; x_wconf 77' lang='lat' dir='ltr'>clericalem</span> <span class='ocrx_word' id='word_1_500' title='bbox 1903 2535 1957 2568; x_wconf 82' lang='lat' dir='ltr'>vel</span> 
     </span>
     <span class='ocr_line' id='line_1_94' title="bbox 445 2596 1276 2640; baseline -0.01 -6"><span class='ocrx_word' id='word_1_501' title='bbox 445 2601 462 2617; x_wconf 73' lang='lat'>²⁸</span> <span class='ocrx_word' id='word_1_502' title='bbox 486 2603 584 2634; x_wconf 90' lang='lat' dir='ltr'>Tom.</span> <span class='ocrx_word' id='word_1_503' title='bbox 609 2601 669 2633; x_wconf 79' lang='lat' dir='ltr'>XI.</span> <span class='ocrx_word' id='word_1_504' title='bbox 694 2601 728 2632; x_wconf 86' lang='lat' dir='ltr'>P.</span> <span class='ocrx_word' id='word_1_505' title='bbox 755 2601 820 2632; x_wconf 86' lang='lat'>111.</span> <span class='ocrx_word' id='word_1_506' title='bbox 844 2611 910 2640; x_wconf 80' lang='lat' dir='ltr'>pag.</span> <span class='ocrx_word' id='word_1_507' title='bbox 937 2608 1003 2640; x_wconf 77' lang='lat'><em>153.</em></span> <span class='ocrx_word' id='word_1_508' title='bbox 1025 2597 1112 2635; x_wconf 80' lang='lat' dir='ltr'>hujus</span> <span class='ocrx_word' id='word_1_509' title='bbox 1136 2596 1276 2628; x_wconf 79' lang='lat' dir='ltr'>Edition.</span> 
     </span>
    </p>
   </div>
   <div class='ocr_carea' id='block_1_8' title="bbox 1788 2588 1907 2619">
    <p class='ocr_par' dir='ltr' id='par_1_9' title="bbox 1788 2588 1907 2619">
     <span class='ocr_line' id='line_1_95' title="bbox 1788 2588 1907 2619; baseline 0 0"><span class='ocrx_word' id='word_1_510' title='bbox 1788 2588 1907 2619; x_wconf 67' lang='lat' dir='ltr'>Mona-</span> 
     </span>
    </p>
   </div>
  </div>
 </body>
</html>
