2185 3027
174 227 256 267 113
488 209 999 253 DISSERTATIO
1055 207 1374 253 DECIMA
1611 226 1690 264 114
1782 261 1786 264 ι

102 268 176 313 stus
201 271 271 305 &c-
297 273 399 306 «Anno
424 271 587 314 Secundo,
610 271 654 304 (9⁴
678 274 800 306 Damno
824 283 872 303 no>
918 269 955 303 A
992 277 1043 311 to,
1071 269 1121 301 Vl.
1146 268 1313 301 Kalendas
1333 271 1474 313 Martii,
1497 269 1669 306 Inassffione
1691 270 1748 302 IX.

107 318 172 363 stro
200 323 384 356 Bernartius
421 326 492 358 Rex
528 323 805 368 Langobardorum
843 321 875 355 in

112 371 178 407 Dei
206 372 350 417 nomine,
386 375 546 420 postquam
583 373 617 407 in
646 373 747 407 Italia
775 383 872 406 rever·

107 423 166 468 ,βυ
191 423 253 468 esb,
279 426 380 458 Anno
406 424 514 471 Regni
537 423 605 469 ejus
631 427 759 466 Tertio,
790 424 877 457 XVI.

115 475 284 510 Kalendas
308 475 464 519 Magius,
492 474 668 510 Indiflione
695 477 782 509 VIII.
811 473 877 508 hoe

115 525 163 560 est
188 526 298 560 Anno
327 527 562 562 DCCCXVI.
592 527 744 561 Exarata
772 525 817 561 est
845 538 878 559 a·

115 576 165 612 lia
189 579 290 611 Anno
315 577 455 611 Secundo
480 577 639 611 Bernarai
664 577 765 621 Regis
791 580 875 610 Lan-

114 628 343 675 gobardorum,
369 630 445 662 XII.
472 629 639 663 Kalendas
664 627 800 669 Maias,
829 628 878 660 In-

119 676 255 712 aimone
283 680 357 713 VH.
393 677 477 713 idest
506 680 616 713 Anno
643 679 881 713 DCCCXIV.

120 728 254 764 Eodem
278 728 362 776 pede
388 728 579 776 procedunt
603 730 637 763 8<
663 729 752 764 aliae
771 728 879 764 Char·
922 720 950 754 Β

119 789 199 823 tae,
227 779 265 815 in
292 778 418 826 quibus
446 779 622 816 interdum
647 779 786 815 additur
812 779 878 814 for-

119 831 218 867 mula
245 829 333 865 illa:
367 829 529 876 postquam
555 830 588 864 in
619 831 716 866 Italia
744 830 883 874 reversus

120 881 184 924 est,
214 889 252 916 ut
279 879 478 925 indicetur,
514 894 583 916 non
613 881 634 916 a
661 891 775 917 morte
802 880 880 929 Pip-

120 930 199 980 pini
236 930 345 979 patris
382 932 542 979 Regnum
579 931 747 968 Bernardi
783 945 882 967 exor-

121 982 220 1018 dium
245 980 414 1025 sumsisse,
439 981 495 1017 sed
521 981 663 1028 quidem
689 982 731 1018 ab
752 984 884 1026 Anno,

123 1047 194 1080 quo
214 1032 318 1068 illum
339 1033 490 1067 Carolus
514 1035 667 1082 Magnus
684 1035 814 1082 Regem
831 1033 880 1068 di-

120 1082 179 1117 xit
190 1110 201 1125 ,
218 1082 300 1116 &in
318 1081 458 1115 Italiam
473 1082 585 1118 mifit.
598 1085 758 1119 Alteram
773 1083 880 1120 Char·

118 1141 194 1168 tam
229 1132 337 1166 Anno
371 1131 590 1166 DCCCXV.
629 1133 795 1179 scriptam
830 1134 882 1169 in·

117 1182 172 1218 fra
191 1180 385 1229 evulgabo.
409 1182 502 1216 Cum
523 1181 578 1217 his
599 1196 772 1231 compone
792 1198 884 1221 nunc
925 1172 973 1206 C*

119 1232 394 1281 Inscriptionem
413 1231 613 1268 Mediolani
630 1235 806 1271 Bernardo
824 1249 885 1284 po.

119 1284 242 1327 fitam,
264 1296 352 1331 quae
373 1295 451 1318 eum
472 1282 617 1319 exhibet
638 1284 812 1320 sublatum
832 1288 884 1320 In.

121 1335 260 1370 difflone
276 1332 334 1368 ΧΪ.
354 1332 437 1368 idest
456 1335 566 1369 Anno
582 1334 712 1371 Christi
734 1337 885 1372 DCCC-

122 1386 263 1421 XVIIL
289 1383 466 1434 postquam
491 1389 609 1421 Annos
636 1389 691 1423 IV.
719 1391 763 1421 (9⁶
789 1390 884 1422 Men·

114 1437 167 1482 ses
192 1438 227 1471 V.
252 1435 441 1484 regnasset:
468 1445 572 1484 atque
597 1437 800 1486 intelliges,
826 1447 887 1474 aut

120 1487 223 1523 illam
246 1487 287 1522 ab
313 1486 481 1535 imperito
501 1487 591 1523 olim
613 1488 800 1536 scriptam,
826 1498 885 1525 aut

122 1536 409 1585 suppofificiam,
446 1545 506 1573 aut
543 1552 615 1573 non
651 1552 758 1575 unam
793 1542 887 1589 Epo·

123 1587 224 1622 cham
252 1587 420 1622 Bernardi
446 1587 658 1625 statuendam
686 1590 776 1626 effe.

176 1639 302 1683 Neque
332 1637 401 1671 alia
430 1638 522 1672 ratio
552 1640 782 1687 computandi
810 1643 888 1677 An·

125 1700 189 1723 nos
217 1686 383 1722 Bernardi
415 1687 519 1735 Regis
550 1689 640 1735 apud
666 1691 887 1726 Mutinenses

125 1737 214 1773 fuit.
238 1738 278 1771 In
301 1736 320 1754 *
342 1736 475 1771 Charta
501 1737 665 1786 Capituli
687 1739 887 1776 Canonico·

125 1800 203 1823 rum
234 1785 488 1822 Mutinenfium
520 1801 764 1836 pergamenam
792 1790 887 1838 legi,

124 1838 163 1874 in
192 1836 305 1886 prima
341 1836 436 1872 linea
463 1837 660 1883 corrosam,
695 1841 714 1874 ὲ
741 1853 808 1887 qua
835 1849 886 1876 ta·

125 1901 204 1924 men
228 1887 311 1923 haec
331 1900 438 1936 pauca
459 1887 542 1923 satis
567 1887 684 1925 futura
705 1890 807 1926 nobis
827 1903 885 1926 ex-

124 1937 226 1988 preffi
237 1965 331 1974 .....
358 1941 484 1985 Magno
511 1941 779 1986 Imperatore....
806 1945 884 1976 Ber-

125 1994 291 2025 nard....
320 1989 575 2034 excellentiffimis
601 1991 744 2038 Regibus
775 1992 826 2026 hic
851 1993 884 2026 in

124 2041 226 2076 Italia
244 2039 343 2075 Anni
361 2040 494 2087 pietatis
513 2042 622 2087 Regni
647 2055 748 2076 eorum
767 2043 801 2076 in
822 2044 886 2077 Dei

960 309 964 347 Ῐ
993 317 1076 354 idest
1102 317 1226 352 eodem
1255 318 1361 351 Anno
1393 320 1627 355 DCCCXVI.
1662 320 1751 353 Ter.

994 369 1045 404 tia
1072 378 1212 404 exarata
1240 367 1309 402 fuit
1334 370 1435 401 Anno
1455 371 1582 414 :Quinto
1609 369 1753 404 Ludovi-

994 421 1021 455 ci
1046 419 1264 467 Imperatoris,
1294 418 1336 451 ἔθ’
1361 421 1483 463 ‚Quarto
1507 420 1664 453 Bernardi
1687 423 1753 454 Re·

991 471 1065 518 gis,
1104 473 1165 505 III.
1201 470 1310 504 Nonas
1345 467 1542 508 Decembris,
1581 470 1753 503 [naimone

997 526 1039 557 X.
1065 521 1133 556 hoc
1159 520 1205 556 est
1231 520 1355 556 eodem
1382 521 1492 554 Anno
1520 519 1755 554 DCCCXVI.

997 572 1083 608 Dixi
1111 580 1251 615 autem,
1275 571 1444 606 Chartam
1472 566 1664 604 Lucensem
1690 569 1755 603 mi-

996 623 1035 658 hi
1059 623 1155 671 supra
1183 630 1412 658 memoratam
1435 620 1470 655 8<
1496 619 1661 663 scriptam
1681 622 1758 652 An-

997 688 1035 708 no
1062 674 1173 721 Regni
1197 672 1355 708 Bernardl
1381 675 1493 714 Sexto,
1532 669 1643 714 Mense
1669 668 1757 702 0530.

997 726 1066 767 bri,
1089 724 1262 759 Indie‘iione
1284 726 1343 758 XI.
1369 721 1521 771 speffiare
1546 720 1589 755 ad
1610 722 1758 755 Annum

998 777 1253 812 DCCCXVII.
1273 787 1381 822 quum
1406 772 1493 821 apud
1516 770 1689 808 Lucenses
1710 771 1760 805 al-

997 835 1071 862 tera
1096 826 1231 862 Charta
1253 825 1405 874 ejusdem
1435 822 1601 858 Bernardi
1623 831 1762 870 tempo÷

997 890 1033 912 re
1061 887 1203 913 exarata
1238 876 1393 919 indicet,
1432 873 1670 910 Indiffionem
1696 885 1762 908 no-

998 940 1079 963 vam
1095 928 1272 963 decurrere
1288 926 1425 975 coepisse
1440 924 1636 974 Septembri
1655 925 1763 961 Men-

1000 978 1052 1023 se,
1081 992 1189 1026 quum
1228 978 1281 1014 ibi
1317 987 1420 1012 notae
1454 976 1533 1012 istae
1570 977 1757 1024 legantur:

997 1034 1098 1064 Anno
1133 1030 1240 1064 Primo
1277 1028 1434 1063 Ludo-vici
1469 1027 1690 1074 Imperatoris,
1717 1028 1762 1062 (9⁶

999 1080 1107 1115 Tertio
1142 1081 1302 1115 Bernardi
1331 1079 1432 1124 Regis
1461 1079 1761 1123 Langobardorum,

998 1131 1121 1166 oflobri
1145 1130 1277 1173 Menfi’,
1300 1129 1475 1164 Indiflt‘one
1498 1128 1647 1161 offa-va.-
1672 1141 1761 1175 quae

998 1181 1140 1228 quidem
1159 1179 1262 1215 nobis
1278 1179 1429 1228 produnt
1446 1180 1592 1213 Annum
1611 1180 1762 1215 DCCC.

1000 1233 1097 1266 XIV.
1133 1230 1221 1265 Alia
1256 1239 1376 1265 tamen
1405 1228 1519 1264 oritur
1545 1228 1759 1265 difficultas:

998 1281 1065 1317 hoc
1090 1281 1156 1325 est,
1182 1280 1205 1315 fi
1225 1284 1346 1316 Annus
1364 1283 1478 1314 Sextus
1502 1280 1669 1315 Bernardi
1694 1282 1762 1316 Re-

998 1332 1051 1381 gis
1077 1333 1323 1367 numerabatur
1342 1330 1493 1366 Οέἲοὶπί
1513 1330 1636 1366 Mense
1659 1330 1762 1367 Anni

1000 1385 1255 1419 DCCCXVII.
1284 1395 1366 1431 ergo
1394 1381 1516 1417 falsum
1547 1381 1636 1426 erit,
1666 1381 1762 1430 quod

1001 1434 1127 1482 Pagius
1165 1433 1316 1477 statuit,
1357 1445 1437 1468 eum
1475 1432 1613 1467 scilicet
1650 1434 1762 1468 Anno

1000 1486 1237 1521 DCCCXIIL
1258 1483 1499 1520 renuntiatum
1519 1482 1618 1518 fuisse
1636 1483 1762 1519 Italiae

1000 1538 1157 1585 Regem;
1194 1548 1304 1583 quum
1330 1543 1450 1570 tamen
1476 1533 1514 1570 id
1540 1533 1761 1582 Eginhardus

999 1600 1038 1623 ac
1066 1588 1225 1622 Annales
1252 1589 1466 1621 Francorum
1493 1586 1654 1620 tradant.
1685 1587 1762 1622 No-

997 1638 1081 1673 dum
1101 1637 1228 1682 video,
1255 1650 1292 1672 ac
1313 1635 1524 1684 respondeo,
1546 1636 1566 1670 ὲ
1586 1649 1669 1671 vero
1690 1650 1762 1671 non

998 1689 1208 1733 abhorrere,
1245 1687 1426 1736 Epocham
1463 1686 1565 1722 illam
1593 1686 1763 1722 inchoan-

998 1738 1079 1771 dam
1119 1739 1184 1773 effe
1226 1740 1268 1774 ab
1309 1737 1460 1773 octobri
1501 1736 1624 1772 Mense
1662 1739 1762 1773 Anni

1000 1788 1220 1822 DCCCXH.
1253 1801 1363 1835 quum
1403 1787 1556 1823 Chartae
1596 1787 1764 1823 haE’tenus

997 1846 1211 1873 memoratae
1239 1839 1281 1872 ab
1308 1837 1403 1872 hisce
1433 1837 1580 1872 calculis
1613 1838 1763 1873 minime

996 1888 1220 1924 dissentiant.
1246 1890 1294 1923 Et
1321 1887 1396 1936 ipso
1421 1887 1564 1932 quidem
1589 1888 1764 1934 Eginha1·-.

996 1938 1042 1974 do
1062 1939 1164 1984 teste,
1191 1938 1315 1975 eodem
1343 1940 1451 1973 Anno
1474 1940 1689 1975 DCCCXII.
1711 1952 1767 1975 ca.

995 1989 1123 2034 dente,
1159 1991 1308 2026 Carolus
1350 1990 1503 2036 Magnus
1543 1991 1765 2024 Bernhardum

995 2043 1147 2087 Nepotem
1177 2041 1270 2085 sumn
1300 2040 1335 2074 in
1361 2040 1493 2074 Italiam
1532 2040 1616 2081 misit
1640 2051 1765 2090 propter

126 2091 249 2125 nomine
267 2090 395 2134 Tertio,
421 2092 463 2125 (9¹
482 2094 627 2137 Quarto,
651 2093 703 2126 die
726 2097 765 2128 X.
788 2095 883 2127 Men·
924 2082 952 2116 E
991 2091 1114 2135 famam
1143 2091 1264 2137 claffis,
1301 2103 1382 2138 quae
1413 2091 1454 2124 de
1478 2090 1597 2129 Africa
1626 2091 1669 2125 &⁸
1701 2091 1767 2126 Hi.

120 2140 167 2182 sis
186 2141 340 2186 Aprilis,
361 2141 535 2176 Indiffione
553 2144 612 2177 IX.
633 2142 724 2190 (hoc
744 2143 788 2179 est
808 2145 882 2178 Απ-

126 2205 175 2226 no
203 2192 461 2239 DCCCXVI.)
497 2193 627 2228 Placuit
651 2198 754 2241 adque
778 2195 882 2229 convi-

126 2252 180 2276 πει
216 2241 298 2275 inter
323 2243 447 2276 Domno
470 2243 648 2288 Deufdedit
677 2246 789 2291 gratia
823 2245 886 2279 Dei

126 2292 300 2339 Episcopus
323 2291 438 2326 sanHe
455 2294 591 2335 Ecclesie
608 2295 799 2337 Motinensis
818 2296 886 2331 &aa

126 2343 254 2378 Altera
286 2341 433 2390 praefert
459 2342 593 2380 easdem
622 2347 758 2389 Notas,
786 2346 884 2394 quip-

126 2407 170 2442 pe
199 2391 326 2440 scripta
351 2395 521 2439 Regnante
542 2398 668 2430 Damno
687 2397 785 2439 nostro
809 2401 884 2432 Ber-

127 2444 248 2478 nara'us
274 2442 346 2476 viro
372 2443 615 2490 excellenttffimo
641 2451 750 2493 Rege,
779 2448 890 2493 Regni

124 2493 198 2541 ‘ejus
224 2494 257 2528 in
287 2492 497 2579 DeiHnomine
521 2496 570 2531 hic
597 2497 633 2532 in
656 2499 755 2534 Italia
780 2503 884 2545 ,Quar-

230 2548 321 2579 Tom.
380 2570 391 2579 .

206 2610 225 2647 ξ’
246 2611 414 2647 chartario
435 2612 591 2653 legendum
609 2613 746 2649 videtur,

992 2142 1110 2188 spania
1129 2143 1172 2176 ad
1191 2141 1384 2184 vastandam
1400 2141 1531 2176 Italiam
1545 2141 1654 2176 venit.
1679 2143 1766 2178 Cer-

999 2203 1033 2227 te
1061 2191 1130 2227 huc
1163 2190 1229 2227 ille
1257 2192 1396 2227 venerit
1423 2202 1568 2227 ornatus.
1598 2192 1765 2236 potestate

1000 2241 1111 2291 Regia
1122 2270 1132 2285 ‚
1147 2241 1206 2277 etfi
1224 2241 1379 2277 nondum
1391 2241 1499 2277 ritulo
1514 2242 1620 2290 Regis
1632 2270 1641 2283 ‚
1658 2255 1764 2289 quem

1000 2293 1140 2341 aliquot
1159 2292 1269 2341 postea
1294 2292 1424 2328 menses
1445 2291 1491 2326 est
1511 2291 1763 2340 consequutus„

1001 2347 1109 2392 Supra
1127 2343 1462 2382 animadvertimus,
1479 2343 1659 2386 Epocham
1681 2345 1765 2380 Ber-

1002 2395 1101 2430 nardi
1137 2394 1194 2430 his
1228 2394 1344 2430 verbis
1381 2392 1593 2442 designatam
1629 2393 1728 2430 fuiffe
1751 2408 1760 2430 :

998 2446 1160 2494 postquam
1187 2446 1220 2479 in
1247 2446 1380 2480 Italiam
1406 2445 1544 2489 reversus
1576 2444 1642 2488 est.
1677 2447 1764 2481 Non

1001 2496 1119 2534 frustra
1143 2497 1227 2533 haec
1251 2495 1392 2533 addita.
1419 2497 1559 2542 Quare,
1583 2495 1666 2532 dum
1692 2509 1766 2532 me-

1102 2549 1140 2585 H
1621 2547 1714 2584 Iiora
