2185 3027
273 217 354 263 629

579 206 844 252 DJSSERTA
853 206 943 250 Tro
991 207 1459 265 ‚QUARTADECJMA
1471 243 1481 255 .

1694 220 1777 270 630

213 281 256 304 ve
285 265 424 316 praedio
452 279 511 315 per
537 280 595 303 eos
623 276 682 302 aut
708 280 828 302 eorum
856 267 970 303 nomi·
1009 271 1044 303 A
1080 280 1185 310 xores,
1201 267 1283 303 haee
1306 270 1600 307 animadverfione
1615 270 1718 318 digna
1737 274 1839 311 sunt.⁴

215 331 257 353 ne
295 331 354 366 per
390 317 478 353 alios
515 317 729 362 excolendo,
759 318 969 366 praefecere,

213 368 269 404 sed
297 369 428 413 etiam,
455 379 493 405 ut
521 382 597 404 mea
631 368 773 416 quidem
802 369 867 405 fert
894 370 969 419 opi-

212 419 296 463 nio,
322 420 402 455 aliis
431 418 629 468 privilegiis
656 428 761 468 atque
788 419 970 470 indulgen-

213 470 275 505 tiis
311 471 502 506 donavere.
541 469 746 506 Praesertim
784 475 866 507 vero
904 472 970 519 (id

212 521 306 567 quod
344 534 508 569 magnum
536 520 651 556 hercle
687 520 786 570 fuit)
815 522 855 557 ad
884 525 969 558 Peu-

213 572 255 606 da
275 570 473 620 recipienda
499 571 633 607 admiffi
654 572 824 620 ejusmodi
849 572 970 617 Servi,

211 635 299 669 quae
327 631 387 657 aut
414 635 497 657 auro
525 621 657 665 effuso,
685 632 744 657 aut
771 624 816 658 ob
844 623 970 658 merita

211 673 230 706 a
259 672 317 707 suo
348 671 505 707 Domino
533 671 850 718 consequebantur,
878 674 971 709 inter

212 723 384 758 Vaffallos
411 736 449 757 ac
478 723 626 758 Nobiles
655 724 771 759 locum
799 724 968 771 paulatim

211 773 272 808 fibi
300 772 579 821 conquisierunt.
606 776 723 820 Quare
747 774 877 810 fastum
902 775 968 820 est,

212 835 250 859 ut
277 823 446 871 ejusmodi
468 823 627 860 homines
652 824 780 861 arelius
805 825 843 861 in
871 825 966 861 suum

211 874 394 910 servitium
432 873 494 909 fibi
535 874 754 911 devincirent
793 875 967 921 Domini,

210 938 318 971 quum
356 924 526 973 subjefflos
555 925 758 973 deditosque
785 925 847 961 fibi
884 926 967 962 illos

209 976 387 1011 efficerent
407 988 475 1010 non
497 985 568 1010 tam
591 976 726 1012 ratione
748 976 943 1012 Feudorum
957 1005 966 1021 ‚

209 1026 429 1074 aliorumque
470 1026 670 1071 bonorum,
711 1028 815 1074 quam
859 1028 965 1063 etiam

210 1076 401 1124 personae3
431 1089 501 1111 non
529 1076 623 1112 enim
652 1090 771 1113 eorum
802 1077 964 1125 cuiquam

207 1139 249 1161 ex
280 1126 514 1161 Domitiorum
544 1126 689 1162 servitio
717 1127 783 1163 sese
813 1129 966 1164 eximere

209 1176 335 1211 invitis
363 1175 441 1223 ipsis
472 1176 636 1211 Dominis
675 1177 822 1213 licebat.
851 1180 965 1214 Immo

210 1239 322 1273 neque
358 1225 473 1262 Servis
509 1225 581 1261 istis
618 1226 667 1261 fas
704 1236 776 1262 erat
813 1229 854 1263 ab
886 1229 965 1263 aliis

210 1277 324 1312 Feuda
352 1276 529 1324 accipere,
557 1276 681 1324 absque
709 1277 812 1312 venia
841 1278 966 1325 prioris

210 1326 379 1362 Domini.
417 1329 456 1362 In
495 1329 645 1363 Decreto
683 1327 810 1374 Populi
848 1330 962 1363 Ferra-

209 1375 347 1421 rienfis‚
375 1377 539 1425 eligentis
575 1379 683 1413 Anno
719 1379 966 1414 MCCLXW.

209 1431 244 1464 in
276 1426 372 1463 suum
400 1427 618 1472 Dominum,
646 1428 842 1464 Obizonem
870 1430 960 1460 Mar·

208 1478 370 1514 ebionem
408 1478 602 1518 mensem,
635 1475 866 1520 unusquisque
903 1473 959 1507 Ci—

208 1529 264 1562 vis
284 1529 334 1561 ita
361 1527 568 1571 pollicetur:
596 1526 643 1557 Et
668 1524 788 1557 nullum
814 1523 964 1556 hominem

206 1581 244 1611 de
280 1575 452 1609 Macinata
491 1573 624 1609 Domini
660 1573 857 1608 Marc-hinnis
892 1576 959 1607 reci·

207 1627 294 1674 piam
317 1626 350 1659 in
377 1623 579 1669 Vaffallum‚·
599 1638 649 1658 nec
674 1625 797 1658 Filium
823 1624 876 1657 vel
901 1628 962 1658 Ne.

207 1687 307 1724 potem
341 1674 474 1721 Vaffizllt‘
511 1675 606 1721 ipsius
645 1674 775 1709 Domini
805 1675 963 1708 Marchio.

210 1727 259 1762 nis
286 1726 429 1774 recipiam
467 1726 499 1760 in
529 1724 720 1770 Vaffallum,
750 1724 811 1764 nisi
845 1727 881 1758 de
911 1739 958 1758 vo-

210 1780 332 1812 luntate
368 1777 409 1811 Z?
439 1775 568 1810 licentid
604 1778 742 1821 exprelsd
780 1775 873 1821 ipsius
903 1779 964 1809 Do-

210 1828 290 1860 mini
315 1827 534 1861 Marchiont's:
558 1827 596 1860 de
624 1840 683 1871 qua
709 1827 835 1860 licentia
859 1827 967 1860 debeat

202 1877 280 1924 fieri
304 1876 463 1923 pul-‘licum
501 1877 738 1918 Instrumentum
775 1890 868 1910 manu
895 1878 966 1910 boni

210 1927 256 1967 (θ’
292 1928 404 1974 legalis
442 1928 589 1962 Notarii.
626 1931 690 1961 Nec
726 1928 870 1973 recipiam
906 1928 964 1960 ali.

210 1991 298 2025 quem
329 1978 360 2011 in
391 1976 583 2023 Vaffallzxm‚
612 1992 663 2011 nec
692 1977 802 2021 filiunt
835 1978 889 2011 vel
916 1991 966 2010 ne-

208 2039 310 2075 potem
345 2029 495 2069 alteaius,
524 2028 577 2074 qni
606 2028 651 2069 fit
672 2028 819 2072 subditus
855 2036 901 2066 cf
920 2027 965 2072 fi-

212 2079 294 2113 delis
330 2079 460 2113 Domini
497 2079 712 2120 Marchtonis,
736 2079 802 2119 fine
838 2078 967 2113 licentia

212 2129 256 2163 &³
282 2130 445 2164 voluntate
473 2129 566 2175 ipsius
597 2131 722 2163 Domini
750 2130 967 2171 Marchionis,

215 2180 257 2213 &⁶
293 2179 380 2223 ejus,
417 2178 503 2223 cujus
546 2179 700 2226 Vaffallus
734 2181 818 2223 erit,
850 2181 968 2227 scripti

211 2230 334 2276 publico
370 2229 589 2277 Instrumenta.
621 2233 720 2275 Quae
756 2232 858 2266 verba
891 2233 966 2266 nul-

216 2281 287 2315 lum
312 2278 411 2313 nobis
427 2280 577 2315 offerunt
595 2280 779 2316 discrimen
797 2282 888 2317 inter
903 2285 966 2315 Ho-

214 2331 312 2364 mines
334 2332 372 2363 de
396 2330 572 2374 Masnata,
592 2332 625 2366 &
653 2330 822 2377 Vaffallos‚
848 2346 964 2378 quam·

214 2392 318 2427 quarn
346 2393 464 2415 revera
488 2379 581 2416 inter
604 2395 660 2417 eos
685 2382 869 2418 discrimen
898 2384 965 2418 {ue-

214 2431 278 2466 rit.
313 2432 352 2465 In
380 2429 506 2465 eisdem
536 2443 672 2479 quoque
709 2434 857 2469 Statutis
884 2434 966 2469 Lib.

215 2493 247 2518 2.
277 2480 419 2516 Rubric.
450 2492 531 2527 107.
569 2484 618 2516 De
646 2484 767 2518 Liberis
794 2485 969 2519 hominibus

213 2532 435 2579 accipientibus
456 2531 592 2575 feminas
615 2533 653 2566 de
679 2535 850 2578 Daasenata
876 2535 908 2569 in
932 2549 965 2570 u-

1080 319 1176 362 ‚Quod
1202 317 1285 352 nulli
1312 322 1422 355 Libero
1443 322 1561 355 homini
1583 322 1680 368 profit
1705 324 1836 369 habere,

1079 369 1133 402 vel
1153 368 1186 403 in
1209 367 1351 412 futurum
1370 372 1499 416 accipere
1517 372 1670 416 feminam
1693 375 1732 408 de
1756 377 1837 410 Ma.

1074 419 1210 463 senata,
1237 418 1314 465 quin
1351 429 1491 454 teneatur
1524 425 1567 456 ad
1598 425 1838 469 praestationem

1080 470 1244 512 colleft'ae,
1272 467 1318 507 &³
1356 479 1457 517 portet
1496 471 1561 506 alia
1600 486 1690 508 onera
1732 476 1836 510 Villae

1074 520 1174 565 suae.
1207 523 1254 555 Et
1280 521 1319 555 de
1344 533 1397 564 eo,
1425 521 1506 566 quod
1541 522 1630 556 habet
1652 524 1774 567 semina
1799 526 1839 559 de

1081 573 1255 605 Macenata
1287 582 1343 617 pro
1368 571 1461 612 dote,
1488 570 1542 604 vel
1576 572 1638 604 alio
1665 576 1749 608 modo
1778 588 1839 609 non

1073 622 1183 665 solvat
1220 621 1399 656 collec‘lam.
1436 622 1529 668 Ergo
1565 621 1691 656 Liberi
1724 624 1841 660 homi-

1079 685 1138 707 nes
1176 671 1393 707 conditionis
1424 670 1579 706 diversae
1615 672 1656 706 ab
1683 671 1839 710 homini-

1014 719 1041 753 B
1080 723 1140 757 bus
1165 723 1206 758 de
1230 721 1391 758 Masnata
1416 721 1556 757 dicendi
1580 720 1678 757 sunt.
1703 725 1754 758 Ut
1780 723 1841 758 ha.

1078 773 1177 808 betur
1212 772 1249 808 in
1284 772 1512 809 vetustiflimo
1550 773 1692 821 Regesto
1729 776 1836 809 MSro

1077 823 1357 859 Communitatis
1394 823 1579 867 Mutinae,
1606 826 1716 859 Anno
1742 826 1838 860 MC·

1079 876 1227 910 XCVII.
1253 874 1401 911 Nobiles
1429 873 1567 921 aliquot
1594 873 1835 911 Frinianenses

1078 923 1181 959 fidem
1211 924 1305 960 suam
1333 924 1494 972 obligant
1530 923 1723 960 Mutinensi
1754 926 1840 961 Rei-

1078 975 1259 1022 publicae,
1287 988 1326 1010 ac
1361 975 1455 1010 inter
1490 983 1603 1010 cetera
1639 975 1758 1023 ajunt:
1788 978 1837 1010 Ec

1077 1026 1128 1059 hoc
1158 1027 1196 1070 de
1231 1026 1351 1060 Boatia
1387 1024 1501 1072 (idest
1537 1025 1672 1060 tributo
1709 1025 1838 1073 persol-

1079 1075 1220 1124 vendo)
1257 1075 1445 1120 observabo,
1473 1075 1535 1117 nist
1564 1076 1651 1119 fuero
1684 1077 1841 1118 Castellu-

1079 1139 1158 1168 nus,
1185 1127 1239 1160 vel
1273 1127 1499 1169 Rochexanus,
1535 1127 1588 1159 vel
1625 1126 1749 1168 Miles,
1782 1135 1839 1160 aut

1006 1171 1036 1204 C
1081 1180 1178 1209 Homo
1203 1183 1242 1210 de
1267 1177 1459 1210 Macinata.
1485 1175 1516 1209 Ii
1544 1175 1673 1221 quippe
1698 1176 1739 1209 ab
1767 1176 1841 1223 eju.

1081 1225 1192 1259 smodi
1231 1237 1337 1258 onere
1373 1224 1549 1258 immunes
1585 1232 1709 1266 erant,
1746 1224 1840 1272 quod

1080 1274 1116 1308 in
1149 1286 1293 1308 numero
1329 1275 1496 1308 Servorum
1534 1282 1840 1320 computarentur.

1081 1326 1189 1358 Anno
1225 1337 1365 1371 quoque
1399 1325 1648 1358 MCLXXIII.
1681 1325 1715 1358 in
1749 1336 1841 1372 prae.

1076 1375 1180 1417 sentia
1215 1374 1335 1407 Domni
1361 1372 1491 1406 chrici
1525 1375 1677 1408 Mutinae
1712 1377 1843 1421 Episto-

1076 1422 1133 1465 pi,
1161 1420 1338 1455 Indift'ione
1364 1424 1418 1456 VI.
1443 1426 1613 1468 Regnante
1640 1424 1840 1469 invic‘iiſj‘imo

1080 1472 1265 1514 Imperatore
1289 1472 1473 1513 frederico,
1495 1475 1553 1507 XI.
1578 1474 1745 1508 Kalendas
1763 1479 1841 1509 Au.

1077 1520 1183 1566 gusti,
1218 1521 1270 1555 die
1304 1522 1492 1566 Dominiw,
1528 1523 1581 1557 hoc
1608 1523 1839 1568 sacramentum

1081 1571 1215 1612 fecerunt
1245 1574 1404 1606 Gerardtts
1430 1574 1468 1606 de
1504 1575 1740 1617 Montecuculo,
1768 1577 1839 1611 Al-

1008 1625 1037 1656 D
1081 1624 1184 1656 bertus
1200 1622 1302 1665 frater
1321 1624 1452 1657 Domini
1471 1625 1619 1670 Episcopi
1637 1624 1708 1663 &e
1736 1627 1838 1662 Prae-

1082 1681 1134 1707 ter
1161 1673 1229 1708 alia
1256 1674 1289 1707 &
1327 1673 1380 1708 isti
1409 1674 1532 1720 ajunt:
1572 1677 1620 1708 Et
1647 1675 1723 1708 dare
1750 1679 1837 1711 Boa-

1081 1723 1160 1757 tiam
1196 1724 1348 1758 Mutinae
1386 1727 1457 1759 VII.
1493 1725 1649 1759 Denarios
1685 1726 1838 1772 Lucenses

1080 1773 1164 1806 omni
1189 1777 1290 1808 Anno
1324 1785 1379 1820 pro
1405 1787 1581 1821 unoquoque
1613 1776 1688 1821 pari
1722 1777 1837 1811 boum.-

1081 1824 1211 1869 exceptis
1230 1825 1441 1866 Castellanis,
1469 1825 1524 1870 qui
1549 1825 1661 1858 cotidie
1686 1826 1835 1861 habitant

1081 1874 1113 1907 in
1149 1875 1269 1915 Castris
1296 1874 1368 1914 fine
1397 1876 1535 1918 fraude,
1572 1875 1615 1908 (9¹
1649 1876 1759 1910 servis
1787 1875 1835 1914 &

1079 1924 1336 1966 Castaldionibus
1372 1924 1442 1963 &c
1484 1928 1604 1970 Quum
1642 1928 1725 1961 vero
1767 1926 1834 1963 hoc

1080 1974 1263 2010 hominum
1307 1989 1413 2024 genus
1452 1976 1602 2023 quodam
1646 1977 1834 2014 Servitutis

1080 2025 1224 2060 vinculo
1252 2034 1448 2068 teneretur,
1485 2035 1663 2074 propterea
1692 2027 1732 2062 ad
1770 2028 1836 2064 Li-

1079 2076 1247 2111 bertatem
1279 2076 1554 2123 consequendam
1587 2077 1835 2114 Manumiffio-

1077 2139 1119 2161 ne
1147 2126 1202 2162 seu
1230 2126 1522 2173 Emancipatione
1549 2127 1754 2175 indigebat.
1792 2131 1833 2164 In

1077 2177 1341 2213 Additamentis
1369 2177 1408 2212 ad
1431 2177 1634 2213 Chronicon
1655 2179 1834 2214 Cortulio.

1047 2208 1152 2262 ¹rum
1192 2228 1276 2264 Lib.
1317 2241 1352 2276 9.
1394 2230 1482 2275 Cap.
1521 2239 1553 2273 ς.
1589 2229 1708 2263 Tomo
1751 2231 1832 2265 XII.

1077 2280 1155 2314 Rer.
1184 2279 1337 2316 Italicar.
1375 2278 1458 2313 haec
1486 2278 1526 2313 de
1554 2277 1716 2314 Civitate
1744 2281 1834 2316 Tar.

1074 2328 1183 2364 visma
1217 2329 1405 2364 dicuntur:
1449 2332 1542 2375 ‚Quae
1574 2328 1640 2376 post
1677 2330 1833 2365 excidium

1076 2380 1200 2413 illorum
1226 2381 1264 2414 de
1291 2384 1433 2414 Romano
1460 2392 1562 2413 omnes
1599 2380 1727 2413 illorum
1753 2383 1834 2416 Ma.

1067 2431 1181 2475 snatas
1201 2431 1243 2464 (9‘
1261 2434 1375 2464 Servos
1401 2429 1499 2464 libere
1525 2430 1756 2477 emancipavit,
1784 2431 1831 2471 (ἐν

1073 2481 1215 2516 libertati
1241 2507 1251 2524 ‚
1296 2482 1339 2514 (9'
1382 2480 1576 2527 ingenuitati
1617 2481 1833 2518 condonavit.

1076 2532 1170 2568 Idem
1193 2530 1402 2567 beneficium
1423 2533 1531 2566 Anno
1551 2532 1833 2568 MCCCXLVI.

1117 2584 1138 2617 S
1164 2595 1180 2615 s
1234 2594 1253 2616 2
1662 2583 1780 2616 conla-

1007 2079 1035 2111 E
