2185 3027
185 199 214 239 9
545 182 1061 229 DISSERTATIO
1110 184 1352 231 NONA:
1665 204 1715 236 ιο

136 309 312 352 Andreas
344 309 550 352 Laudenfis
582 309 815 366 Episcopus,
853 311 892 351 δι
927 308 1121 366 Rogerius
1162 308 1262 352 filius
1295 310 1512 363 Rumaldi‚
1549 312 1589 356 in
1623 314 1773 359 placito

297 371 487 412 Laudenfi
519 384 651 411 coram
684 373 867 412 Benzone
900 371 1022 411 M1ff0
1050 370 1217 410 ottonis
1250 373 1324 412 111.
1358 373 1608 425 Imperatoris

443 428 556 471 litem
587 428 692 472 inter
722 429 760 472 se
789 428 968 484 agitant,
997 430 1120 470 Anno
1149 427 1300 470 Christi
1336 444 1462 472 1000.

130 544 291 635 DUm
313 545 345 580 in
367 545 431 580 Dei
451 545 595 590 nomine,
623 546 783 581 Comitatu
805 550 890 581 Lau·
935 548 981 582 Α1
1003 545 1127 581 Maleo
1143 572 1153 589 ,
1188 553 1263 581 tam
1290 541 1382 581 infra
1416 546 1538 581 Castro
1565 547 1631 583 &c.
1670 549 1763 597 juges

257 599 368 644 dense,
397 597 430 630 in
460 598 571 639 Villa,
598 611 676 644 quae
701 609 894 644 noncupatur

131 647 314 686 Tauriana,
359 647 392 680 in
428 647 486 681 via
519 648 668 693 publica,
706 649 740 682 in
774 648 894 693 judiclo

131 696 277 734 relideret
303 698 421 733 Benzo
440 699 475 733 8<
497 698 621 734 Missus
650 699 784 734 Domni
805 700 891 734 Ter·

131 746 206 783 cius
231 748 361 783 Ottoni
390 749 623 794 Imperatori,
649 750 706 796 qui
729 762 785 796 per
811 748 891 796 Epi.

124 799 232 842 stola,
262 798 281 815 *
324 812 336 832 ι
357 799 448 832 illum
468 798 645 845 Miffuss„
673 800 798 836 Eidem
822 802 892 834 Do·

133 875 157 893 „
185 848 276 883 mini
317 847 458 884 favente
498 850 688 885 clementia
724 853 819 886 Rex.
856 850 892 886 Si

127 927 156 945 ἃ,
184 897 376 934 nostrorum
417 900 592 936 Fideliurn
633 911 767 936 mentes
793 901 887 937 exul·

128 978 156 995 ἃ,
185 958 258 984 tare
295 949 502 994 fecerimus,
539 951 650 986 nostra
686 951 833 988 servicia
861 964 889 986 e-

131 1027 156 1046 „
184 1013 323 1035 xer-cere
343 1000 550 1048 diligentius
563 1028 571 1036 .
591 1004 816 1050 Quapropter
831 1015 893 1037 no-

129 1077 156 1096 „
184 1058 260 1083 tum
289 1050 454 1085 volumus
483 1051 618 1086 cunEiis
654 1052 692 1087 in
722 1051 891 1088 Laudenfi

131 1127 157 1146 ‚‚
184 1098 372 1134 Comitatu
413 1102 659 1145 manentibus,
700 1102 892 1151 majoribus

131 1178 157 1197 „
184 1148 240 1185 seu
269 1150 491 1192 minoribus,
529 1152 640 1187 nostre
668 1153 891 1188 au&0rita1is

130 1228 156 1246 „
184 1200 311 1248 pagina
348 1200 542 1237 conceffiffe
583 1203 746 1239 Benzone
788 1202 892 1251 ipssus

131 1279 157 1296 „
184 1251 387 1286 Comitatus
415 1252 556 1289 comiti
594 1253 719 1289 habere
748 1254 892 1301 potesta-

132 1329 157 1348 „
185 1310 255 1336 tem
276 1303 311 1337 8<
340 1303 436 1350 jura,
463 1302 562 1338 ficuti
589 1305 622 1338 8<
651 1304 805 1352 judicare
833 1318 892 1352 po-

132 1379 157 1398 „
184 1352 314 1396 tuerit,
341 1353 440 1389 omni
468 1354 601 1398 nostra,
629 1355 893 1403 nostrorumque

131 1430 156 1449 „
184 1401 367 1446 fidelium,
410 1415 545 1440 remota
585 1406 892 1442 contradifflone.

132 1481 157 1499 „
184 1454 289 1499 Quod
319 1464 357 1489 ut
387 1455 501 1491 verius
530 1456 714 1500 credatur,
743 1457 893 1505 diligen-

132 1531 156 1549 „
185 1504 323 1552 tiusque
358 1505 585 1550 observetur,
623 1508 737 1543 nostro
765 1508 894 1556 Sigillo

133 1581 158 1599 ‚,
187 1554 343 1602 jussimus
371 1557 555 1592 annotari.
584 1558 743 1602 jusiitias
773 1559 894 1602 facien-

131 1606 191 1638 das
229 1619 263 1638 ac
297 1607 546 1649 deliberandas;
586 1608 790 1649 residentibus
827 1622 896 1643 cum

133 1667 166 1688 eo
206 1655 408 1697 Teodaldus,
450 1657 646 1690 Adelbertus
683 1660 752 1693 &aa
789 1660 897 1705 Ibique

133 1716 236 1737 eorum
262 1706 394 1737 veniens
431 1705 587 1749 presentia
614 1708 772 1750 Rogerius
799 1709 898 1750 filius

133 1754 290 1801 quondam
320 1755 477 1788 Rumaldi
500 1758 540 1788 de
565 1755 626 1788 loco
652 1758 817 1800 Bariana,
845 1769 898 1790 nec

135 1817 196 1838 non
234 1804 277 1837 (9'
312 1818 349 1837 ex
387 1804 457 1839 alia
494 1815 585 1851 parte
623 1807 783 1841 Domnus
821 1808 895 1840 An·

133 1853 229 1889 dreas
257 1854 449 1902 Episcopus
474 1854 592 1890 sanfle
618 1855 806 1892 Laudenfis
833 1859 894 1891 Ec-

132 1904 244 1945 clefie,
282 1919 347 1939 una
374 1919 442 1939 cum
478 1908 637 1940 Maurone
672 1907 740 1952 ejus
767 1908 810 1941 (9'
846 1907 891 1953 ip·

127 1954 197 1997 fius
234 1956 384 2002 Episcopo
409 1959 608 1999 Avocatus;
644 1958 688 1991 &⁶
722 1959 896 1992 retulerunt

135 2006 199 2052 ipse
219 2007 394 2052 Rogerius:
420 2008 522 2042 Abeo
542 2008 573 2041 8<
601 2016 702 2043 teneo
718 2009 758 2044 ad
780 2021 894 2043 meam

135 2057 386 2104 proprietatem
429 2057 524 2093 Cafis
564 2059 598 2093 &
637 2058 796 2102 Castris,
839 2058 895 2094 seu

134 2107 237 2142 rebus
263 2107 454 2144 territoriis
479 2110 545 2144 &a
574 2109 701 2157 quibus
729 2109 807 2145 sunt
835 2122 894 2157 po-

136 2155 209 2192 fitis
236 2167 308 2192 tarn
346 2157 437 2193 infra
464 2160 607 2199 Castro.
643 2160 704 2207 qui
735 2160 895 2195 nomina-

138 2215 196 2242 tur
224 2207 350 2243 sanao
377 2209 544 2245 Floriano
568 2211 634 2246 &c.
663 2212 796 2259 jugeras
818 2223 894 2245 cen-

137 2266 235 2294 tum.
278 2260 400 2307 Atque
436 2260 475 2297 in
514 2262 617 2308 loco,
660 2262 721 2298 ubi
762 2262 895 2298 dicitur

1007 595 1242 644 septicentum
1270 597 1337 630 ἃς.
1362 600 1464 630 Anno
1491 598 1621 643 Imperii
1647 600 1775 634 Ter-cim·

1010 647 1130 682 Domni
1148 647 1258 681 Ottoni
1278 647 1407 693 Imperii
1427 650 1494 681 Deo
1512 648 1648 694 propicio
1666 652 1777 695 Quin.

1005 708 1036 731 to
1049 724 1060 741 ‚
1086 697 1139 731 die
1159 697 1270 738 menfis
1289 697 1454 743 fflaegzy'li,
1482 698 1660 733 Ιηαὶἒῖιοηε
1680 703 1772 736 XIII.

1058 751 1168 793 Rem-<o
1194 746 1315 794 Miffus
1343 749 1460 782 Domni
1494 751 1694 796 Imperatoris
1721 751 1773 786 in·

1004 798 1122 842 terfui·
1575 809 1583 815 “

1059 850 1114 883 Ex
1141 848 1291 893 vetusti,
1314 858 1354 885 ut
1382 848 1556 898 suspicor,
1585 864 1773 888 amanuen-

1006 898 1046 935 fis
1067 900 1203 935 incuria
1223 900 1301 935 heic
1319 911 1508 936 occurrunt
1526 902 1647 937 luxata
1662 916 1769 949 quae-

1006 950 1108 985 dam.
1149 952 1322 986 Attamen
1351 951 1433 986 satis
1460 954 1599 993 elucet,
1640 955 1775 990 Benzo-

1007 1014 1086 1036 nem
1114 1001 1261 1037 Missum
1280 1030 1290 1046 ‚
1326 1012 1514 1050 antequam
1543 1003 1584 1037 ad
1613 1004 1771 1051 judican-

1008 1052 1090 1086 dum
1120 1052 1318 1094 accesserit,
1358 1052 1477 1087 literas
1515 1052 1591 1087 suae
1620 1054 1774 1090 aufflori-

1008 1101 1092 1136 tatis
1129 1101 1172 1136 ab
1209 1103 1343 1137 Ottone
1381 1104 1446 1136 111.
1482 1103 1639 1151 Augusto
1678 1117 1776 1140 acce-

1007 1162 1084 1200 ptas
1113 1152 1370 1200 promulgaffe.
1406 1153 1593 1187 Traeloriae
1620 1156 1775 1202 appella-

1009 1203 1135 1237 bantur
1162 1202 1336 1251 ejusmodi
1364 1202 1530 1248 Lherae,
1566 1203 1610 1239 de
1645 1205 1773 1252 quibus

1007 1265 1107 1296 agam
1136 1251 1174 1287 in
1204 1252 1384 1289 Differtat.
1414 1256 1509 1289 XIX.
1538 1256 1577 1289 de
1603 1256 1772 1292 Tribmis.

1006 1303 1202 1338 Edicebant
1221 1313 1339 1339 autern
1362 1304 1531 1351 ejusmodi
1552 1306 1691 1349 judices
1712 1320 1772 1342 ex-

1008 1363 1059 1389 tra
1087 1353 1247 1389 ordinem
1276 1354 1428 1399 adle&i‚
1458 1355 1489 1390 se
1517 1356 1635 1391 miffos
1662 1358 1681 1391 ὲ
1705 1360 1772 1393 Re-

1007 1405 1108 1452 gibus
1134 1406 1169 1440 &
1194 1405 1360 1453 Augustis
1387 1407 1430 1440 ad
1450 1406 1646 1453 singulorum
1673 1409 1773 1442 homi·

1007 1469 1081 1489 num
1108 1456 1181 1490 lites
1207 1469 1247 1490 ac
1275 1457 1465 1490 intentiones
1483 1484 1492 1500 ‚
1521 1456 1587 1491 hoc
1615 1457 1661 1493 est
1689 1472 1775 1494 con-

1007 1505 1206 1549 tentiones,
1243 1507 1420 1541 audiendas
1454 1521 1491 1542 ac
1524 1508 1747 1544 deliberandas
1765 1535 1775 1545 .

1007 1559 1054 1592 Et
1087 1557 1377 1604 quandoquidem
1415 1570 1486 1593 non
1513 1571 1585 1593 uno
1622 1558 1659 1594 in
1692 1561 1773 1595 loco

1007 1606 1186 1643 confistere
1225 1607 1407 1653 solebant,
1445 1608 1500 1643 sed
1538 1622 1598 1657 per
1626 1611 1776 1645 Provin-

1007 1658 1123 1701 ciam,
1161 1659 1194 1693 &
1234 1660 1345 1706 Pagos
1372 1659 1617 1704 vagabantur,
1654 1660 1691 1695 in
1722 1662 1772 1696 lo-

1006 1708 1056 1742 cis
1092 1708 1234 1756 fingulis
1270 1709 1494 1758 disciplinam
1524 1723 1563 1745 ac
1601 1710 1770 1757 justitiam

1007 1758 1247 1793 restauraturi:
1270 1759 1351 1794 ideo
1373 1761 1465 1805 M²ffi
1489 1760 1694 1805 discurrentes
1714 1776 1773 1809 ap.

1009 1807 1248 1852 pellabantur.
1287 1811 1515 1855 Quamquam
1552 1810 1588 1845 id
1617 1825 1660 1846 ex
1698 1813 1770 1859 ple-

1007 1856 1121 1903 risque
1150 1857 1297 1893 Placitis
1335 1857 1466 1893 fas->tum
1494 1870 1680 1905 appareat,
1716 1871 1772 1897 at-

1007 1916 1123 1941 tamen
1152 1907 1330 1955 ingratum
1359 1909 1503 1944 Legiori
1537 1910 1686 1947 minime
1713 1911 1766 1948 fu-

1006 1967 1123 1992 turum
1161 1966 1271 2005 puto,
1309 1957 1331 1992 fi
1359 1961 1561 2006 exemplum
1587 1961 1768 2008 adferam,

1006 2008 1157 2052 petitum
1195 2021 1238 2043 ex
1275 2007 1401 2057 infigni
1439 2010 1602 2046 Archivo
1638 2014 1767 2049 Mona-

1007 2058 1156 2094 chorum
1197 2058 1477 2095 cistercienfium
1521 2062 1641 2098 Sanffi
1682 2065 1773 2099 Am-

1005 2108 1109 2145 brofii
1151 2109 1427 2146 Mediolanenfis
1453 2139 1464 2155 ,
1505 2112 1566 2147 ubi
1609 2123 1771 2163 autogra-

1007 2160 1113 2208 phum
1131 2187 1142 2204 ,
1179 2172 1296 2194 revera
1326 2161 1344 2195 ὲ
1373 2161 1570 2198 voracitate
1599 2165 1770 2210 temporis

1005 2211 1106 2245 valde
1147 2209 1333 2250 attritum,
1375 2225 1440 2257 ego
1480 2225 1560 2261 prae
1600 2215 1763 2252 manibus

1002 2260 1110 2297 habui
1137 2270 1242 2309 atque
1268 2259 1427 2311 descripsi
1438 2288 1447 2298 .

1560 2564 1602 2600 In
1629 2564 1713 2600 Pla-
