2185 3027
289 199 370 248 365
574 186 1052 231 DJSSERTATJO
1114 186 1515 232 UNDECIMA.
1708 194 1790 244 366

224 257 251 295 ζ,
277 248 529 297 Lignariorum
551 248 746 284 conceffum
767 247 887 292 fuiffe‚
908 249 983 283 An·
1024 245 1056 279 A

225 326 250 345 „
277 299 396 336 tonius
422 299 495 349 ipse
521 299 695 335 declarat.

513 376 697 424 Mangam'.

277 480 302 498 ,‚
344 453 663 489 MCCCXLVIII.
709 450 821 500 pridie
864 453 986 488 Nonas

227 529 252 548 ‚,
280 503 468 548 Ostobris,
506 503 689 552 quemdam
729 502 899 538 faciurum
930 503 983 537 ab·

226 580 252 599 „
279 553 361 602 sque
382 554 536 602 praemio
557 554 810 603 Manganicum
828 553 985 589 officium

227 629 254 648 ‚,
281 604 313 639 se
349 605 515 654 obligasse
553 619 614 650 pro
656 604 830 640 conducio
870 604 987 640 Feudo

228 680 253 698 „
282 656 418 691 Domus
454 657 488 690 δε
525 655 720 700 Viridarii,
757 654 888 701 scripsit
926 656 987 690 Be-

229 730 254 748 „
282 714 476 741 nevenutus
506 706 710 753 Presbyter,
735 705 898 754 idemque
918 707 989 741 Ta·

228 780 255 799 ‚‚
284 755 438 792 bularius
456 783 465 791 .

282 832 306 850 ‚,
343 808 659 843 MCCCCXXIII.
696 807 882 843 undecimo
922 809 989 842 Ca·

230 881 255 900 „
282 856 401 891 lendas
425 858 626 901 Februarii,
645 858 760 894 Feuda
781 860 898 904 Buyae
917 857 989 893 Mi-

230 931 255 949 „
283 906 416 942 nisterii
454 908 661 956 Manganici
690 909 776 953 effe,
813 910 847 944 δε
875 908 990 943 minus

230 981 255 998 „
284 956 509 1002 alienabissa,
535 958 589 993 sed
618 958 800 995 heredibus
827 958 990 994 deficien-

231 1032 256 1050 „
284 1007 378 1043 tibus
417 1008 459 1044 ad
500 1008 689 1044 Ecclefiam
724 1008 990 1057 Aquilejensem

231 1082 256 1099 „
283 1056 431 1101 deferri,
471 1059 641 1094 Nicolaus
670 1059 711 1094 de
739 1061 843 1095 Colle
873 1061 990 1094 Pram-

229 1131 255 1148 „
284 1107 380 1154 pergi
413 1107 646 1143 Instrumento
672 1109 733 1144 suo
761 1109 903 1157 publico
930 1122 990 1158 po-

229 1181 254 1199 ,‚
281 1154 376 1193 steris
403 1157 617 1192 custodivit.

280 1233 304 1250 „
333 1206 439 1251 Quod
467 1220 509 1243 ex
538 1206 677 1242 scrinio
696 1207 733 1243 in
755 1209 991 1256 penetralibus

230 1281 255 1300 „
281 1255 449 1293 Bafilicae
472 1257 672 1301 Utinensis,
691 1259 785 1306 quod
807 1273 991 1295 numerum

231 1332 255 1350 ‚,
285 1308 421 1343 XVIII.
459 1308 734 1356 praeseferebat,
777 1310 992 1358 Manganica

231 1382 256 1400 „
285 1357 401 1393 Feuda
428 1358 542 1405 promi
571 1359 751 1404 solerent,
792 1373 848 1396 me
875 1360 993 1408 legisse

231 1433 257 1451 ,‚
284 1408 453 1445 memini.
481 1411 591 1445 Erant
618 1410 713 1446 enim
739 1412 920 1458 complura
941 1410 992 1446 ibi

232 1483 257 1501 „
285 1459 420 1495 Scrinia
448 1473 490 1495 ex
518 1460 628 1508 lignis
664 1460 870 1507 compaPta,
906 1473 994 1506 quae

233 1533 258 1551 „
285 1510 560 1555 unumquodque
588 1523 695 1556 genus
723 1509 833 1543 Feudi
870 1521 930 1554 per
962 1507 994 1542 se

234 1581 260 1599 ,‚
286 1558 615 1606 repraesentabant,
651 1566 690 1592 ut
722 1557 875 1605 primore
903 1556 994 1603 aspe-

234 1631 260 1650 „
288 1607 346 1642 &u
377 1607 507 1643 secerni
525 1635 535 1651 ,
570 1608 605 1642 &
633 1606 722 1641 citra
752 1606 907 1642 laborem
936 1607 993 1642 ha-

235 1682 260 1700 „
289 1658 363 1693 beri
392 1658 433 1693 ad
462 1670 604 1692 manum
633 1657 789 1705 possent,
825 1670 914 1704 quae
933 1670 992 1693 vo-

234 1731 261 1749 „
288 1708 427 1743 luisses.
456 1707 619 1744 Dicimus
647 1717 787 1752 autem,
807 1708 994 1756 Mangani-

235 1781 260 1800 ‚,
288 1771 364 1794 cam
393 1760 568 1802 exerceri,
598 1768 636 1794 ut
659 1760 691 1793 ἃ
718 1758 784 1793 hoc
804 1757 993 1803 obiter-zde-

236 1831 261 1850 „
288 1809 482 1851 claremus,
502 1808 642 1855 quando
662 1821 732 1842 non
751 1807 819 1843 fine
847 1808 992 1844 admira-

236 1882 261 1900 „
288 1858 387 1893 tiene
423 1859 598 1894 cernimus
638 1858 807 1893 immania
844 1858 993 1905 pondera

236 1908 326 1950 „vi
366 1908 516 1944 minima
552 1910 589 1945 in
627 1908 774 1944 sublime
814 1909 919 1953 tolli,
956 1917 994 1944 ut

238 1982 262 1999 ‚‚
291 1960 448 2008 Angelus
487 1959 684 1995 Politianus
713 1959 753 1995 de
782 1958 995 1995 mechanicis

238 2032 263 2050 2,
290 2010 438 2056 loquens
465 2009 609 2058 pulchre
646 2010 894 2057 interpretatus
930 2009 994 2045 est.

238 2081 264 2099 „
292 2060 378 2095 Alia
404 2061 526 2096 volens
556 2061 821 2109 praetermitto,
846 2073 994 2109 quorum

239 2132 265 2150 ῃ
293 2109 407 2145 caussa
424 2111 653 2147 exhibebatur
668 2112 774 2146 etiam
791 2111 994 2159 obsequium

239 2183 264 2201 „
292 2159 478 2196 secundum
506 2171 685 2210 praecepta
706 2161 915 2197 Ministerii.
938 2165 993 2198 Sa-

240 2233 265 2252 „
293 2210 339 2246 tis
367 2210 435 2255 est,
463 2212 555 2259 quod
576 2213 616 2247 ad
639 2212 833 2248 utilitatem
855 2212 995 2257 omnia,

241 2284 265 2302 ,‚
293 2274 362 2296 non
392 2261 433 2296 ad
461 2264 678 2308 voluptatem
718 2263 993 2299 Patriarcharum

240 2334 266 2352 ,‚
294 2311 518 2356 speEiabant.
547 2314 733 2359 Reperitur
768 2313 995 2362 quandoque,

242 2384 267 2402 ‚‚
295 2362 451 2398 Feudum
490 2364 612 2399 natura
647 2366 783 2400 mutata
809 2379 871 2414 pro
900 2366 995 2400 Prae-

243 2435 268 2453 „
296 2412 378 2448 sulis
407 2412 556 2448 arbitrio
586 2413 791 2463 affignatum
829 2415 927 2451 fuiss‘e
954 2415 995 2451 ti·

243 2485 268 2505 2,
296 2464 373 2501 tulo
400 2463 589 2500 Livellarii
614 2490 624 2499 .

342 2570 430 2601 Tam.
458 2567 502 2602 II.

1198 273 1247 306 De
1275 271 1445 305 mutatione
1471 282 1601 307 naturae
1623 271 1748 307 Feudi.

1148 373 1173 391 „
1200 347 1407 382 MCCXCI.
1429 345 1538 393 pridie
1563 349 1681 382 Nonas
1701 345 1810 390 Julii,
1832 345 1852 380 a

1099 425 1122 442 „
1152 396 1359 443 Reymundo
1395 395 1519 431 fundos
1553 394 1636 431 duos
1663 398 1700 432 in
1731 399 1851 442 Buya,

1100 475 1123 493 „
1151 448 1212 495 qui
1241 447 1349 483 Feudi
1379 446 1488 482 titulo
1525 445 1649 480 tributi
1677 448 1852 494 quondam

1100 526 1123 543 ‚,
1151 498 1313 543 fuerant,
1350 496 1521 533 concessos
1558 494 1655 529 fuisse
1692 498 1763 543 jure
1790 496 1854 532 Li-

1100 577 1123 594 „
1151 549 1238 585 velli
1267 563 1328 598 pro
1365 547 1488 584 annuis
1523 545 1655 593 viginti
1694 546 1854 580 Denariis

1101 627 1124 645 „
1153 601 1262 636 Paulo
1282 597 1503 635 Glemonenfi
1518 595 1618 632 Zutti
1635 595 1712 631 filio
1724 624 1734 639 ,
1751 597 1856 630 Fran-

1101 679 1125 696 „
1153 651 1265 686 ciscus
1294 649 1471 686 Utinenfis
1500 647 1627 684 refert.

1152 729 1176 746 ‚,
1192 703 1313 747 Quum
1332 710 1448 736 autem
1465 698 1629 735 venditor
1650 697 1755 744 probe
1776 708 1858 731 con-

1101 779 1125 797 „
1155 752 1280 800 jeEtare
1321 751 1507 799 nequiret,
1549 748 1774 798 propriumne
1811 744 1862 781 es-

1102 830 1126 847 „
1154 803 1230 847 set,
1258 802 1350 850 quod
1379 801 1573 844 vendebat,
1602 812 1645 833 an
1673 798 1827 834 Feudum
1847 823 1858 840 ,

1103 881 1126 898 „
1155 853 1349 902 promiscue
1380 851 1579 894 vendebat,
1617 848 1639 883 fi
1677 848 1858 896 proprium

1103 931 1126 948 „
1154 917 1216 952 pro
1238 903 1400 952 proprio,
1419 902 1440 937 fi
1464 902 1618 937 Feudum
1635 912 1696 947 pro
1720 898 1859 934 Feudo.

1152 982 1203 1015 De
1229 979 1412 1013 venditione
1436 978 1556 1025 proprii
1579 987 1634 1022 pro
1658 973 1809 1021 proprio,

1313 1030 1418 1063 feudi
1441 1039 1496 1075 pro
1524 1028 1648 1062 Feuda.

1154 1132 1179 1149 ‚,
1206 1106 1503 1141 MCCCXXXV.
1538 1100 1651 1146 pridie
1687 1098 1766 1133 Idus
1808 1100 1864 1140 Ja-

1104 1182 1127 1199 ‚‚
1156 1155 1272 1191 nuarii
1285 1182 1294 1198 ,
1310 1155 1477 1198 Jacobum
1496 1152 1690 1194 Johannem
1706 1148 1748 1182 de
1770 1150 1864 1181 Fon-

1104 1232 1127 1250 „
1156 1206 1286 1240 tebono
1314 1203 1437 1239 Libris
1476 1200 1635 1236 ducentis
1671 1197 1865 1232 vendidisse

1103 1282 1127 1300 „
1156 1254 1293 1290 Simoni
1322 1253 1493 1288 Butriano
1521 1248 1671 1287 Henrici
1700 1246 1777 1282 filio
1805 1247 1864 1282 de-

1104 1333 1127 1351 „
1156 1305 1284 1341 cimam
1314 1304 1350 1339 in
1374 1305 1532 1350 Pagnaco
1552 1303 1585 1337 8<
1607 1299 1763 1342 Amico,
1785 1311 1864 1346 pro-

1103 1384 1127 1401 „
1156 1356 1272 1404 prium
1309 1368 1370 1403 pro
1411 1352 1574 1401 proprio,
1613 1350 1767 1386 feudum
1802 1361 1865 1396 pro

1104 1434 1128 1450 „
1156 1406 1273 1441 Feudo
1292 1431 1302 1446 ,
1330 1403 1421 1439 testis
1449 1403 1494 1438 est
1522 1403 1693 1438 Nicolaus
1721 1399 1864 1435 Civita-

1104 1482 1129 1499 „
1156 1454 1279 1490 tenfis.

1155 1531 1179 1548 ‚‚
1207 1504 1243 1539 Si
1270 1505 1353 1539 vero
1373 1502 1561 1545 noscebat,
1590 1499 1769 1549 proprium
1791 1511 1863 1534 non

1104 1582 1129 1599 ,‚
1156 1554 1249 1598 esse,
1286 1567 1355 1589 non
1384 1563 1499 1590 autem
1538 1553 1635 1600 cujus
1672 1551 1753 1586 effet
1791 1552 1865 1584 Do-

1105 1633 1131 1651 „
1158 1605 1248 1640 mini
1276 1604 1430 1640 Feudum
1448 1632 1458 1647 ,
1487 1603 1658 1639 vendebat
1687 1615 1748 1649 pro
1776 1603 1865 1635 Feu-

1078 1668 1130 1701 ·„
1158 1656 1230 1700 do,
1267 1654 1513 1704 cujuscumque
1550 1652 1701 1689 Domini
1736 1651 1865 1699 reperi-

1107 1734 1131 1752 „
1158 1715 1273 1742 retur.
1682 1743 1684 1750 Ι

1159 1784 1183 1800 „
1209 1757 1454 1792 MCCCLIV.
1496 1754 1613 1789 Idibus
1657 1751 1865 1795 Februarii,

1109 1834 1133 1852 ‚,
1160 1806 1334 1842 Concium
1378 1804 1518 1840 vorlici
1558 1801 1789 1839 Tricefimani
1825 1801 1867 1835 fi-

1109 1884 1133 1902 „
1161 1856 1248 1892 lium
1278 1858 1296 1891 a
1323 1856 1453 1899 Jacobo
1489 1853 1651 1889 Attimio
1688 1850 1865 1887 Francisci

1109 1935 1132 1952 ‚,
1161 1906 1238 1942 filio
1266 1906 1450 1941 Decimam
1477 1903 1663 1952 quamdam
1691 1902 1728 1937 in
1748 1901 1865 1937 Ador-

1109 1985 1133 2003 „
1161 1971 1276 2006 gnano
1312 1956 1353 1992 ad
1390 1969 1465 1991 eam
1502 1954 1619 1990 emisse
1654 1952 1866 1997 formulam,

1109 2036 1134 2053 „
1161 2008 1284 2044 auffior
1310 2007 1353 2042 est
1382 2006 1548 2042 Pantaleo
1575 2003 1853 2040 Tricefimanus.

1159 2086 1184 2103 „
1213 2061 1296 2094 Non
1324 2056 1438 2093 infisto
1465 2069 1526 2106 pro
1553 2068 1590 2091 re
1616 2053 1810 2090 roboranda
1833 2066 1868 2088 e·

1110 2137 1134 2155 „
1162 2109 1340 2158 xemplis,
1377 2121 1464 2156 quae
1499 2107 1608 2154 vulgo
1644 2104 1723 2139 sunt
1758 2103 1869 2151 pluri-

1109 2188 1136 2205 „
1162 2173 1239 2195 ma.
1266 2162 1342 2208 Ego
1370 2159 1447 2194 sane
1466 2158 1512 2193 ob
1532 2154 1731 2203 hujusmodi
1758 2154 1868 2190 licen-

1110 2238 1134 2256 „
1161 2211 1248 2246 tiam
1277 2209 1483 2245 crediderim
1512 2207 1626 2242 Feuda
1654 2206 1765 2241 multa
1786 2217 1867 2240 cum

1110 2288 1135 2306 „
1163 2260 1340 2310 propriis,
1376 2257 1610 2295 Ecclefiastica
1645 2269 1724 2292 curn
1753 2254 1867 2303 profa-

1111 2340 1135 2357 „
1162 2312 1217 2347 nis
1244 2310 1350 2358 usque
1376 2310 1461 2345 adeo
1488 2306 1627 2344 confusa
1662 2306 1785 2349 fuiffe,
1828 2313 1869 2341 ut

1111 2390 1137 2408 „
1162 2362 1222 2410 qui
1251 2375 1343 2397 nunc
1365 2360 1497 2396 summa
1516 2370 1657 2407 quoque
1675 2369 1789 2392 rerum
1810 2370 1869 2391 co-

1111 2441 1136 2457 „
1162 2413 1325 2461 gnitione
1351 2412 1557 2452 excellunt,
1594 2422 1633 2444 ac
1661 2407 1868 2455 prudentiae

1114 2490 1136 2507 „
1164 2463 1285 2506 laude,
1323 2476 1365 2497 ex
1393 2462 1512 2496 decem
1548 2459 1670 2508 agellis
1706 2456 1869 2493 Feudali-

1113 2540 1137 2558 „
1165 2514 1227 2549 bus
1254 2526 1362 2550 unum
1396 2511 1460 2548 vix
1495 2511 1672 2560 integrum
1708 2508 1870 2544 invenire

1193 2566 1229 2601 A
1256 2577 1276 2600 a
1690 2586 1716 2605 ‚,
1742 2558 1818 2608 pos-
