2185 3027
276 219 357 260 527
596 199 960 244 DJSSERTATJO
1003 199 1251 243 TERTJAD
1260 203 1450 249 reram.
1690 210 1773 262 528

216 265 360 298 feudis.
399 261 507 294 Erant
532 257 626 296 inter
653 261 868 297 Arimannos
896 270 970 296 tum
998 261 1058 295 'A‘
1078 259 1143 298 fiili
1169 261 1207 293 de
1237 262 1304 305 suis
1340 263 1531 309 Pagenfil‘zis
1567 264 1654 307 testes
1689 268 1837 302 idoneos·-

216 324 403 359 pauperes‚
432 319 507 345 tum
535 310 685 346 divites:
716 320 814 347 erant
850 313 884 346 δε
913 325 971 360 pu-

216 360 304 396 blici
345 363 378 396 δε
416 360 566 409 gregarii
603 361 736 398 milites
761 388 770 398 .
807 364 972 398 Ceterum

216 423 288 445 non
316 420 386 446 tam
417 411 571 447 morosus
599 412 670 448 sum
688 441 699 457 ‚
728 421 767 448 ut
788 412 974 462 praefraffle

215 474 407 510 repugnare
428 462 535 498 velim
562 463 811 512 opinantibus,
828 464 974 499 Liberum

216 524 392 560 quemque
419 512 597 548 hominem
627 516 840 563 appellatum
878 514 975 549 fuiffe

215 563 435 597 Arimarmum
462 563 529 599 five
557 566 809 609 Humanam,
838 565 904 600 hoc
932 564 976 599 est

217 614 389 648 milttarem
409 614 540 649 virum:
569 616 609 650 ea
629 616 796 652 nimirum
822 616 863 651 de
884 614 974 650 caus·

217 662 274 704 sa,
302 664 394 710 quod
423 665 631 712 cuicumque
668 667 800 702 Libero
838 666 974 701 homini

219 725 290 747 non
317 714 429 748 solum
457 715 607 760 licebat,
645 715 699 751 sed
736 717 866 752 neceffe
904 725 976 752 erat

219 777 314 799 arma
341 764 505 809 induere,
534 775 637 814 prout
663 767 795 802 occafio
823 766 975 810 ferebat,

219 827 259 849 ac
287 814 441 851 militare
469 829 531 863 pro
558 818 669 852 tutela
707 818 865 866 patriae;
895 831 974 852 nam

220 865 336 900 Servis
363 867 397 900 &
425 866 641 902 Aldionibus
668 867 703 902 id
743 868 892 903 minime
927 868 976 903 fas

219 913 308 949 fuit.
338 917 377 949 In
406 917 501 964 Lege
530 927 589 963 35.
627 917 749 953 Caroli
791 921 846 953 M.
885 918 977 953 inter

219 965 522 1013 Langobardicas:
553 967 746 1015 ⁴Quicumque
774 969 868 1004 Liber
893 970 978 1003 homo

220 1015 254 1049 in
281 1016 390 1057 hostem
417 1018 568 1051 bannitus
596 1018 697 1062 fuerit
733 1017 804 1057 &a
841 1018 907 1054 hoc
934 1019 979 1054 est

220 1065 262 1100 ad
289 1066 551 1113 expeditionem
580 1068 743 1103 bellicam
772 1069 923 1105 accitus.
945 1072 974 1104 1-

219 1124 290 1150 tem
319 1115 357 1150 in
386 1118 480 1162 Lege
510 1121 567 1152 80.
611 1118 760 1166 ejusdem
799 1119 973 1167 Augusti:

218 1165 257 1199 Si
282 1165 353 1211 quis
381 1167 474 1199 Liber
499 1166 606 1209 homo,
643 1169 748 1202 ceteris
776 1170 808 1203 in
845 1181 977 1203 excrettu

217 1216 437 1262 pergentibus,
476 1215 561 1249 domi
597 1216 723 1256 residere
761 1220 978 1265 praesumserit

219 1264 291 1303 &a
319 1267 439 1310 Quum
472 1268 553 1300 vero
589 1266 780 1302 Lotharius
810 1271 835 1303 Ι.
865 1271 977 1316 Impe-

221 1324 315 1350 rator
342 1317 378 1350 in
408 1317 502 1363 Lege
532 1316 589 1361 56.
617 1317 688 1352 ait:
719 1319 884 1364 Postquam
920 1323 974 1352 Co-

221 1378 283 1399 mes
310 1366 352 1399 (θ’
378 1367 531 1412 Pagenses
557 1368 595 1401 de
621 1368 761 1414 qualibet
787 1368 980 1415 expeditione

219 1416 323 1458 hostili
342 1417 477 1461 reversus
492 1417 611 1462 fuerit,
633 1418 715 1453 hinc
736 1417 873 1454 fortaffe
901 1418 977 1464 qui-

220 1465 339 1513 squam
368 1468 533 1515 opinetur
553 1496 562 1512 ,
587 1471 800 1503 tantummodo
821 1469 977 1499 Villarum

220 1517 358 1559 incolas,
387 1518 438 1551 uti
468 1530 576 1561 nuper
606 1515 834 1560 Du-Cangius
872 1512 975 1559 suspi-

220 1566 383 1606 cabatur,
419 1558 480 1598 rei'
503 1563 652 1598 militari
681 1576 821 1611 operam
860 1561 975 1597 navas-

221 1613 273 1649 se.
303 1613 357 1648 sed
385 1613 541 1659 Pagenses
568 1613 655 1648 olim
686 1614 877 1661 appellati,
915 1613 976 1660 qui
1006 1616 1007 1621 ’

220 1664 261 1699 de
290 1677 358 1698 uno
395 1663 567 1699 comitatu
605 1665 638 1698 δε
675 1664 817 1711 regione
854 1672 975 1711 erant3

220 1728 258 1750 ac
287 1713 432 1763 proinde
469 1727 512 1749 ex
549 1717 635 1758 Pago
675 1714 895 1749 efformatum
933 1714 976 1749 est

222 1769 306 1807 Pays
335 1764 389 1800 seu
417 1768 497 1799 Pais
523 1763 701 1799 Gallicum
719 1793 729 1809 ,
749 1766 779 1800 ὃ(
812 1765 976 1800 Italicum

220 1816 335 1856 Paese.
358 1817 555 1850 Occurrunt
576 1815 681 1849 etiam
705 1815 791 1860 apud
814 1814 976 1862 antiquos

221 1865 376 1910 Pagenses
412 1865 598 1909 Ctvitatis,
636 1866 686 1900 uti
725 1865 929 1914 jampridem
958 1869 976 1900 ὲ

222 1915 370 1963 josepho
398 1914 572 1963 scaligero
590 1943 599 1958 ‚
638 1916 813 1964 Bignonio
833 1944 841 1958 ,
871 1928 908 1950 ac
945 1929 977 1950 a-

222 1966 282 2001 liis
311 1966 513 2000 adornatum
541 1965 603 2000 est.
633 1967 771 2012 Quibus
800 1966 883 2001 adde
911 1968 975 2002 Le-

224 2029 301 2064 gem
334 2027 389 2061 14.
414 2016 593 2052 Ludovici
624 2018 700 2062 Pii,
738 2016 797 2052 ubi
825 2015 978 2052 adhibeat

1083 311 1199 354 Quare
1237 310 1327 345 nihil
1365 312 1446 348 haec
1482 327 1544 349 nos
1579 316 1746 352 remorari
1778 316 1836 352 de-

1084 361 1189 404 bent,
1215 360 1302 408 quin
1330 360 1533 407 statuamus,
1561 366 1750 413 unicuique
1771 367 1835 403 Li-

1084 411 1165 446 bero
1179 410 1316 446 homini
1335 424 1457 446 munus
1470 414 1617 450 militiae
1635 417 1811 465 proprium
1823 444 1833 459 ‚

1084 463 1195 497 immo
1231 461 1388 497 debitum
1425 462 1513 496 olim
1549 463 1668 500 fuisse.
1709 469 1755 502 Et
1792 480 1835 503 ne

1085 511 1146 560 ipsi
1174 513 1316 560 quidem
1344 512 1385 548 ab
1413 511 1611 559 hujusmodi
1639 528 1741 551 onere
1768 517 1837 553 im-

1086 575 1205 598 munes
1225 572 1344 606 erant,
1365 562 1490 610 quibus
1511 562 1648 597 fortuna
1670 566 1837 614 exiguum

1086 612 1223 649 censum
1251 613 1410 649 dederat.
1449 615 1542 650 Nam
1578 614 1718 661 quivis,
1754 616 1837 650 dum

1087 673 1223 699 tantum
1252 665 1439 700 mobilium
1478 676 1593 700 rerum
1632 662 1841 711 possideret,

1088 723 1124 750 ut
1152 714 1376 764 infringendo
1412 716 1504 763 leges
1536 715 1668 750 multae
1705 713 1843 749 solven-

1087 765 1147 801 dae
1175 764 1256 801 satis
1282 766 1386 809 esset,
1424 764 1606 812 procedere
1633 765 1674 800 ad
1712 765 1846 800 exerci-

1087 825 1162 851 tum
1191 816 1400 864 cogebatur.
1429 815 1467 850 Id
1495 815 1624 850 constat
1651 829 1693 851 ex
1722 815 1846 858 Consti.

1087 867 1205 900 tutione
1240 867 1440 913 promotionis
1480 865 1653 909 exercitus,
1695 867 1763 901 sive
1800 879 1843 901 ex

1089 916 1227 951 decreto
1259 916 1436 952 Ludovici
1474 918 1519 951 11.
1549 915 1696 963 Augusti
1724 917 1845 951 Tomo

1093 969 1134 1001 11.
1165 980 1239 1015 pag.
1268 971 1352 1013 264.
1382 969 1460 1002 Rer.
1499 966 1651 1001 Italicar.
1687 969 1845 1012 Pauperes

1092 1019 1227 1052 rantum
1253 1019 1399 1064 personae
1425 1016 1466 1051 ad
1494 1016 1680 1052 custodiam
1710 1016 1843 1063 patriae

1094 1067 1269 1102 interdum
1292 1067 1580 1102 dimittebantur.
1602 1069 1655 1101 En
1676 1079 1757 1114 ergo
1777 1065 1848 1101 for-

1093 1118 1175 1153 taffe
1204 1118 1377 1161 caussam,
1405 1130 1510 1164 quare
1537 1117 1658 1152 Liberi
1688 1116 1847 1150 homines

1046 1193 1053 1200 ,
1094 1168 1262 1215 appellari
1302 1168 1390 1201 olim
1434 1166 1611 1212 potuerint
1647 1165 1848 1208 arimanni,

1095 1217 1159 1251 hoc
1187 1216 1232 1250 est
1261 1215 1421 1248 homines
1451 1214 1645 1260 militares;
1672 1213 1717 1247 ob
1744 1226 1849 1260 quam

1094 1266 1200 1299 etiam
1231 1263 1509 1313 praerogativam
1540 1263 1632 1310 (aba
1661 1272 1775 1298 tamen
1804 1277 1847 1299 ex

1096 1324 1191 1363 parte
1231 1327 1372 1362 gravem
1415 1323 1518 1361 atque
1560 1313 1765 1361 molestam)
1808 1314 1849 1349 ab

1095 1365 1248 1409 ignobili
1277 1367 1460 1400 Servorum
1490 1364 1695 1398 conditione
1732 1364 1851 1399 distin-

1094 1416 1311 1460 guebantur.
1357 1414 1479 1447 Finem
1521 1412 1575 1447 his
1617 1413 1742 1448 faciam
1769 1442 1778 1458 ,
1825 1414 1847 1449 fi

1095 1462 1188 1507 prius
1216 1462 1412 1509 produxero
1439 1461 1586 1497 chartas
1620 1463 1727 1507 duas,
1764 1478 1850 1511 quas

1093 1512 1322 1559 autographas
1353 1511 1428 1547 vidi
1457 1512 1493 1547 in
1530 1512 1656 1560 insigni
1685 1514 1848 1549 Archivo

1093 1561 1375 1610 Archiepiscopii
1405 1561 1588 1605 Lucensis,
1617 1572 1721 1610 atque
1749 1564 1785 1599 in
1811 1578 1850 1600 u-

1093 1611 1164 1647 sum
1193 1613 1353 1647 omnium
1382 1612 1620 1648 describendas
1649 1613 1755 1649 duxi.
1795 1614 1850 1651 lbi

1092 1664 1225 1698 mentio
1272 1662 1316 1698 est
1362 1663 1613 1697 Arimannorum
1657 1663 1712 1699 seu
1755 1665 1850 1699 Heri-

1090 1727 1299 1747 mannorum:
1335 1712 1503 1760 fimulque
1539 1713 1590 1749 ibi
1630 1714 1848 1751 priscianum

1087 1764 1367 1798 Grammaticum
1396 1763 1589 1799 innumeris
1626 1766 1737 1812 plagis
1775 1765 1848 1800 foe-

1090 1813 1224 1848 diffime
1252 1813 1411 1848 habitum
1440 1814 1577 1849 videas.
1606 1815 1723 1849 Prima
1752 1828 1849 1850 com-

1092 1863 1258 1911 plefflitur
1287 1863 1460 1898 Placitum
1499 1862 1536 1897 in
1568 1863 1712 1898 Lucensi
1743 1864 1848 1900 Civi-

1092 1924 1163 1949 tate
1191 1913 1349 1949 habitum
1371 1926 1486 1948 coram
1508 1915 1629 1947 ,Αἵίοηε
1649 1917 1756 1960 Duce,
1784 1914 1848 1963 qui

1092 1964 1206 2000 eidem
1234 1964 1323 2000 Urbi
1351 1972 1525 2013 praeerat.

328 2125 520 2168 Placitum
554 2126 747 2177 Lucense,
779 2126 818 2168 in
851 2141 930 2183 quo
960 2126 1156 2181 Johannes
1188 2124 1355 2179 ejusdem
1387 2122 1507 2165 Urbis
1540 2121 1746 2180 Episcopus

412 2184 526 2241 eripit
556 2200 578 2228 e
610 2188 786 2228 manibus
821 2185 1033 2242 Agiprandi
1066 2184 1209 2226 Clerici
1240 2184 1410 2240 improbi
1442 2182 1654 2224 Ecclesiam

755 2245 884 2287 Sanffi
915 2244 1042 2299 Petri,
1073 2246 1192 2285 Anno
1222 2245 1319 2298 785.

273 2372 309 2405 N
335 2368 394 2404 Dei
422 2369 561 2405 nomt'ne.
584 2374 752 2417 Regnante
772 2374 893 2406 Domno
919 2374 979 2405 Ca-

299 2423 364 2454 rula
391 2424 462 2454 Rex
486 2423 674 2455 Francorum
695 2423 737 2456 (9⁶
758 2423 974 2469 Langubardos

225 2485 292 2518 rum
309 2499 319 2514 ‚
357 2484 415 2518 quo
441 2471 536 2514 coepit
563 2474 843 2516 Langubardiam,
875 2474 916 2506 (9¹
936 2472 967 2516 fi

225 2523 268 2558 lio
294 2521 430 2570 ejusdem
456 2521 593 2569 Pt'ppino
620 2525 706 2569 Rege
722 2550 732 2567 ,
752 2527 853 2559 Anno
873 2523 982 2570 Regni

1089 2380 1188 2402 eorum
1203 2365 1389 2401 Duodect'mo
1400 2393 1410 2409 ,
1427 2365 1467 2399 &¹
1486 2364 1608 2410 ¹Quinto
1619 2392 1629 2407 ,
1646 2365 1757 2410 Menfie
1772 2370 1848 2402 Au.

1086 2419 1196 2466 gullo,
1224 2416 1398 2451 Indiffione
1426 2415 1569 2450 OHava.
1599 2418 1684 2450 Dum
1713 2417 1746 2450 in
1765 2417 1847 2461 Jesu

1090 2469 1208 2510 Christi
1229 2467 1350 2501 nomine
1371 2466 1553 2511 resedente-m
1578 2467 1748 2501 Allonem
1775 2469 1851 2502 Du·

1093 2532 1165 2555 cem
1194 2532 1258 2552 una
1284 2531 1350 2552 cum
1376 2517 1567 2552 venerabilis
1591 2518 1739 2561 Joannes
1763 2520 1849 2551 San.

1158 2569 1306 2606 le
1752 2566 1799 2601 έῖε
