2185 3027
369 203 449 231 211
635 189 1069 249 ANTIQUIT.
1117 192 1369 239 MEDII
1416 196 1610 241 AEVI
1786 216 1868 243 212

356 247 493 291 Signum
519 248 638 284 Domni
655 250 778 285 Ottom‘s
795 251 980 298 sereniffimi
999 255 1060 289 Im·
1102 253 1133 287 A
1176 254 1312 299 lorum,
1341 264 1400 291 aut
1429 256 1550 292 saltem
1587 257 1841 305 interpolatum
1871 271 1935 307 pu-

302 298 456 341 peratoris
471 326 480 334 .
1176 304 1248 340 tide
1268 306 1309 340 ab
1330 307 1450 355 aliquo
1479 307 1610 351 sciolo,
1640 307 1707 343 sive
1728 318 1932 351 corruptum

358 350 528 394 Eripertus
553 352 770 387 cancellarius
795 354 840 388 ad
874 354 975 388 vicem
1002 358 1061 388 Pe·
1177 354 1295 391 fuisse:
1325 358 1418 405 quod
1440 358 1665 407 perpendenti
1689 360 1801 394 Notas
1821 358 1935 395 Chro-

305 398 351 432 tri
376 401 514 436 Cumani
538 402 686 450 EpUcopt'
713 404 756 438 (9⁶
778 404 1062 439 affrchicancellarii
1177 407 1358 454 nologicas
1378 436 1390 452 ,
1430 422 1469 444 ac
1507 409 1689 457 praecipue
1729 408 1792 443 illa
1829 410 1934 445 verba

304 461 505 495 recqqnovtt.
1173 467 1229 502 pro
1254 457 1363 493 anima
1381 459 1495 506 Pipini
1520 460 1601 503 avi,
1630 460 1671 493 (9⁶
1696 459 1813 494 Karoli
1838 462 1934 494 Mar·

356 504 446 536 Data
472 503 633 537 Kalendis
659 504 793 546 Madv,
820 508 922 538 Anno
949 504 1057 539 Domi.
1175 507 1246 540 telli
1268 508 1372 554 patris
1398 511 1479 551 me1',
1508 513 1525 545 ὲ
1554 509 1698 557 vestigio
1727 519 1862 557 pateat.
1903 512 1934 545 1-

304 550 392 585 m‘cae
410 553 640 588 incarnationis
659 557 940 590 DCCCCXCVII.
962 557 1058 589 Dom-
1176 566 1277 605 nepte
1297 558 1392 607 agit,
1419 560 1630 608 quicumque
1649 555 1930 596 Karlomannum

304 600 341 635 ni
365 612 468 636 autem
494 605 617 638 ottonis
652 606 832 650 Regnantis
859 607 928 640 XV.
960 607 1058 652 Impe·
1177 608 1320 655 Pippini
1351 610 1455 658 Regis
1482 610 1623 647 fratrem
1661 612 1785 646 Italiae
1822 610 1933 657 irnpe-

301 652 406 687 ramis
431 657 506 688 verb
534 657 574 690 ll.
601 656 775 691 Indiaeione
803 658 842 690 X.
1176 658 1259 693 rasse
1299 660 1487 707 opinatur.
1530 660 1649 696 Refert
1692 660 1933 695 Florentinius

353 704 477 739 Afflum
504 709 624 740 Romae
644 707 804 750 feliciter.
1104 707 1132 741 B
1176 707 1214 742 in
1250 709 1499 745 Monumentis
1539 709 1749 745 Comitiffae
1786 709 1934 745 Mathil-

355 757 467 789 Curtes
494 766 610 791 autern
628 784 637 800 ‚
674 756 764 799 five,
801 765 840 792 ut
867 756 964 805 saepe
991 757 1058 805 aje-
1174 757 1227 793 dis
1254 771 1297 795 ex
1326 759 1486 795 Archivo
1513 758 1684 794 Ecclesiae
1712 757 1855 794 Pisanae
1880 769 1932 794 ta-

303 804 416 847 bant,
457 809 588 850 Cortes,
626 820 668 841 ex
710 807 872 854 plurimis
911 807 1058 855 praediis
1175 809 1271 844 bulas
1308 809 1458 857 ejusdem
1496 809 1704 846 Comitiss‘ae
1736 811 1847 845 Anno
1873 811 1933 845 M-

302 854 530 899 constabant,
568 866 693 903 atque,
732 856 784 891 uti
820 857 857 893 in
886 858 1055 906 Antiqui·
1174 862 1379 896 LXXVIII.
1409 860 1572 905 scriptas,
1610 874 1669 908 per
1695 873 1779 907 quas
1807 859 1932 895 confir-

301 905 406 940 tatib.
435 906 558 940 Estens.
586 906 843 952 animadverti,
872 918 975 955 atque
1003 909 1055 944 in·
1175 919 1247 945 mat
1274 910 1387 946 eidem
1408 910 1578 946 Ecclesiae
1605 912 1792 945 nonnullas
1819 914 1931 945 Curres

300 954 353 989 fra
390 955 426 990 in
466 956 605 992 Differt.
644 959 737 993 XIX.
774 959 813 992 de
847 959 992 995 Tributis
1019 973 1051 995 ο.
1174 975 1240 995 cum
1268 961 1444 1003 Castrorum
1472 963 1514 995 (9‘
1541 961 1682 1008 capedis
1710 961 1791 995 inibi
1816 962 1932 995 haben-

298 1004 449 1039 flendam
467 1033 477 1048 ,
507 1007 689 1055 pleraeque
717 1008 860 1044 vetustis
888 1011 1052 1057 tempori.
1174 1022 1238 1046 tes.
1276 1011 1330 1047 Ibi
1358 1025 1428 1046 non
1456 1011 1560 1047 semel
1587 1012 1712 1046 Curites
1738 1010 1904 1059 scriptum
1922 1037 1931 1045 .

298 1055 361 1090 bus
391 1055 525 1091 Villam
565 1057 739 1106 integram
777 1060 1041 1107 complesteban
1176 1061 1240 1097 Sed
1276 1061 1313 1097 in
1351 1063 1551 1098 membrana
1587 1061 1791 1097 authentica
1826 1061 1932 1096 {uerit

297 1113 357 1140 tur
398 1119 478 1141 cum
517 1108 690 1151 Ecclesia,
731 1109 769 1144 in
811 1123 878 1157 qua
923 1113 1058 1157 Populo
1175 1116 1312 1158 Canes,
1340 1113 1393 1148 uti
1420 1114 1454 1148 δε
1480 1113 1583 1146 domos
1609 1111 1752 1153 coltiles,
1780 1123 1851 1144 non
1877 1113 1932 1144 do-

298 1157 936 1202 sacramentaministrabantur‚1ive
958 1163 1058 1198 Plebs
1100 1161 1130 1194 C
1175 1176 1242 1197 mus
1276 1164 1422 1198 colcoles:
1456 1161 1549 1209 quod
1584 1160 1769 1208 imperitus
1805 1160 1931 1196 Libra-

298 1205 406 1249 esset,
443 1205 512 1242 five
556 1207 706 1256 subjeeca
749 1210 870 1253 Plebi,
910 1211 976 1247 hoc
1012 1213 1057 1248 est
1175 1213 1246 1249 rius
1273 1213 1375 1249 nobis
1412 1210 1637 1260 propinavit.
1672 1214 1778 1245 Cortes
1813 1220 1931 1246 autem

297 1255 509 1305 Baptismali
546 1258 742 1295 Ecclesiae.
782 1259 978 1297 Flodoardo
1007 1272 1052 1298 te·
1174 1277 1294 1299 omnes
1322 1261 1552 1305 sirmondus,
1588 1261 1645 1297 vir
1672 1260 1852 1309 singularis
1880 1261 1935 1309 ju-

297 1306 344 1342 ste
361 1334 370 1348 ,
400 1307 530 1354 quidam
558 1311 720 1351 Presbyter
744 1312 782 1344 de
808 1312 951 1346 Bovom's
977 1316 1052 1346 Cur·
1174 1313 1259 1349 dicii
1289 1321 1392 1362 atque
1419 1311 1652 1356 eruditionis,
1689 1310 1824 1347 censuit
1851 1310 1934 1346 fuis-

297 1366 329 1391 τε
355 1356 444 1392 fuit:
468 1357 515 1398 fic
541 1360 622 1393 enim
651 1361 741 1395 Villa
766 1372 915 1397 vocatur.
951 1365 1057 1410 Saepe
1175 1363 1207 1399 se
1233 1365 1376 1399 Alodes.
1407 1366 1488 1399 Non
1509 1375 1687 1411 repugno;
1716 1361 1771 1397 sed
1795 1375 1836 1397 ne
1857 1361 1935 1396 sub-

298 1406 408 1443 etiam
450 1408 608 1444 Castrum
646 1410 697 1445 ibi
739 1410 839 1446 situm
877 1421 976 1457 erat,
1018 1426 1056 1448 ac
1176 1414 1323 1449 scribere
1351 1414 1494 1461 quidem
1523 1413 1633 1449 audeo
1660 1412 1851 1448 sententiae
1874 1425 1934 1447 ex-

298 1457 382 1494 inde
421 1457 517 1494 suum
555 1473 682 1495 nomen
720 1462 842 1496 Curris
877 1462 951 1510 ipsa
983 1476 1052 1499 mu·
1175 1464 1332 1499 eludenti
1372 1465 1391 1499 ὲ
1427 1473 1525 1500 tanta
1565 1476 1726 1512 agrorum
1768 1462 1933 1511 portione

297 1509 489 1544 tuabatur.
531 1510 718 1558 Ughellius
759 1513 866 1547 Tom.
904 1515 949 1547 V.
988 1515 1055 1547 Ita·
1175 1513 1302 1548 titulos
1343 1514 1498 1558 Beneficii
1537 1523 1642 1560 atque
1683 1513 1936 1560 Empbyteufis·

299 1558 369 1595 liae
396 1562 488 1596 Sacr.
526 1559 562 1596 in
592 1561 752 1608 Episcop.
780 1561 971 1597 Veronens.
1002 1562 1058 1597 ad·
1176 1562 1416 1609 Temporibus
1443 1570 1559 1597 autem
1584 1562 1765 1597 Ludovici
1792 1565 1839 1596 11.
1861 1564 1937 1597 Au-

298 1608 367 1645 fert
410 1612 636 1652 Praeceptum
676 1613 907 1648 Karlomanni
952 1612 1058 1657 Regis
1102 1618 1135 1652 D
1177 1612 1263 1661 gusti
1292 1611 1486 1647 Rutcherus
1523 1611 1689 1659 quidam,
1726 1611 1788 1659 qui
1826 1611 1938 1657 Vaffus’

299 1660 464 1697 donantis
502 1661 715 1698 Monasterio
751 1662 868 1698 saneti
905 1663 1058 1698 Z²nonis
1177 1677 1212 1697 ac
1239 1663 1467 1706 Mimsterialis
1503 1661 1606 1710 ipfius
1633 1662 1783 1711 Augusti
1820 1663 1937 1710 appel-

303 1714 433 1746 Curtem
461 1714 593 1753 nostram
620 1715 744 1747 nomine
763 1714 988 1756 Desentianum
1005 1713 1058 1757 ju·
1176 1713 1334 1758 labatur,
1362 1716 1488 1748 Curtem
1508 1726 1551 1749 eo
1576 1713 1706 1757 titulo,
1734 1712 1829 1760 quod
1855 1712 1936 1748 suae

299 1772 355 1796 xta
382 1762 483 1807 ripam'
510 1766 634 1807 Lacus,
662 1763 797 1799 scilicet
824 1764 974 1799 Benaci.
1002 1766 1057 1798 In·
1178 1764 1403 1813 proprietatis
1439 1764 1541 1807 esset,
1579 1777 1640 1810 pro
1676 1762 1832 1798 remedio
1859 1762 1935 1797 ani-

298 1811 349 1847 fra
386 1811 537 1855 repetit.
574 1813 607 1849 se
635 1814 776 1862 elargiri
812 1815 957 1856 Castrum
992 1828 1059 1849 cum
1178 1828 1253 1850 mae
1283 1813 1358 1850 suae
1385 1814 1555 1849 Ecclefiae
1576 1812 1802 1848 Cremonensi
1828 1813 1935 1861 largi-

298 1866 396 1898 Curte
423 1862 466 1896 (9¹
492 1864 587 1898 Plebe
604 1890 614 1907 ,
652 1865 880 1909 Desentianum
908 1865 1054 1900 nomine:
1177 1875 1233 1902 tus
1259 1864 1325 1906 est,
1352 1877 1498 1910 eamque
1524 1863 1750 1898 donationem
1781 1865 1933 1910 Impera-

298 1913 361 1960 qui
399 1913 495 1950 locus
532 1914 643 1951 adhuc
680 1915 876 1952 incolarum
903 1917 938 1951 &
966 1915 1057 1952 aedi·
1147 1912 1150 1949 l
1177 1925 1233 1952 tor
1260 1914 1331 1964 ipse
1358 1913 1631 1951 confirmandam
1659 1913 1764 1949 duxit
1791 1926 1849 1962 per
1872 1914 1936 1949 Di-

299 1964 463 2001 fictorum
486 1964 679 2013 frequentia
704 1966 880 2015 splendet.
908 1969 1060 2002 Monen-
1085 1966 1091 2014 Ι
1146 1966 1151 2033 ι
1178 1968 1318 2012 ploma,
1346 1965 1439 2014 quod
1467 1978 1509 2001 ex
1538 1965 1761 2012 praelaudato
1791 1964 1939 2012 Regesto

301 2014 364 2051 dus
401 2023 517 2050 tamen
558 2016 717 2059 Le&or‚
760 2018 929 2063 Diplorna
971 2016 1062 2052 illud

1178 2017 1358 2066 Episcopii
1380 2014 1620 2052 Cremonensis
1640 2014 1852 2064 descriptum
1875 2028 1937 2064 pu-

301 2074 363 2102 aut
390 2075 631 2102 commentum
658 2066 723 2102 esse
750 2076 910 2103 veterum
941 2069 1064 2104 Saecu-

1108 2043 1150 2110 El
1179 2068 1290 2105 blicae
1316 2067 1388 2104 luci
1415 2066 1544 2103 reddo.

304 2182 530 2228 Ludovicus
561 2187 613 2226 11.
645 2187 864 2235 Imperator
894 2188 1061 2229 Curtem
1102 2185 1347 2228 Ruberinum
1387 2181 1580 2224 Ecclesiae
1619 2181 1875 2224 Cremonensi
1904 2181 1929 2222 'a

420 2244 625 2287 Rutchero
646 2243 763 2287 Vaffo
795 2245 993 2302 Imperiali
1016 2246 1204 2287 donatam
1236 2245 1361 2287 eidem
1389 2241 1583 2284 Ecclesiae
1607 2256 1673 2300 per
1700 2239 1813 2283 suum

747 2302 937 2362 Diploma
968 2305 1201 2358 confirmat,
1239 2307 1361 2346 Anno
1394 2303 1492 2343 861.

349 2424 385 2457 N
408 2422 529 2457 nomine
557 2423 689 2457 Domini
714 2422 810 2466 nostri
825 2423 911 2469 Jesu
945 2422 1065 2463 Chrt'slt'

375 2474 438 2509 Dei
471 2473 594 2508 eterni.
623 2475 822 2509 Hludovicus
853 2475 966 2521 gratini>
1001 2474 1066 2509 Dei

305 2525 470 2572 Imperator
502 2524 693 2572 «Augustus.
727 2525 876 2562 Omnium
907 2524 1067 2570 fidelium

1175 2418 1289 2457 Sanffe
1313 2419 1378 2455 Dei
1404 2418 1562 2463 Ecclesl'e‚
1602 2432 1640 2454 ac
1665 2418 1832 2461 nestrorum
1864 2427 1937 2463 pre.»

1168 2472 1306 2518 sentiam
1339 2471 1460 2516 scilicet
1496 2484 1531 2505 ac
1562 2470 1740 2514 futurorum
1775 2467 1937 2514 comperiet

1150 2552 1152 2565 ‚
1174 2522 1357 2568 industria,
1385 2523 1467 2570 quod
1495 2521 1690 2558 Rutcherus
1716 2520 1870 2603 quonffla‘?
1889 2517 1940 2562 fi·

1829 2582 1841 2602 e
1860 2580 1886 2602 ts
