2185 3027
267 234 350 272 213
550 210 1031 256 DJSSERTATJO
1106 211 1485 258 UNDECJMA
1689 235 1772 271 214

203 275 286 311 'dolis
320 274 442 311 Vaffus
476 274 511 310 δε
547 271 792 308 Minister-{alis
828 272 963 316 noster,
1001 270 1035 304 A
1075 284 1096 305 a
1123 269 1232 311 nostris
1259 271 1303 303 <²5-
1326 285 1346 304 a
1370 271 1486 313 suturis
1512 277 1700 323 temporibus
1728 275 1828 318 nostra

206 325 246 360 de
271 326 328 361 hac
354 326 419 360 luce
439 325 616 370 discedens,
637 324 798 370 quandam
816 324 963 359 Curtem
1077 334 1112 356 ac
1147 319 1310 367 Imperiali
1351 319 1532 357 aufloritate
1568 328 1752 361 corroborate
1787 330 1832 360 ad

203 373 262 411 sue
289 375 536 425 proprietatis,
564 377 686 408 nomine
708 373 908 416 Ruberino,
931 374 964 408 in
1075 382 1196 418 partem
1221 368 1355 417 predifle
1381 372 1588 412 Cremonensis
1615 375 1747 417 Ecclefie
1779 375 1832 424 ju-

203 427 367 463 Comitatu
395 427 516 472 scilicet
541 425 748 472 Bergamense
773 436 866 472 prope
892 425 961 459 Ple·
1078 435 1114 457 re
1142 419 1374 469 proprietario
1401 430 1547 454 maneant
1574 423 1746 470 inconvulse
1765 439 1833 460 eum

203 479 297 522 hem,
325 491 382 525 que
407 477 525 512 dicitur
550 478 805 520 Formwovwn,
832 477 875 511 ad
890 487 963 523 par.
1079 473 1220 506 omnibus
1247 470 1505 518 integritatibus,
1541 471 1642 505 veluti
1679 475 1710 508 in
1743 475 1834 510 bre-m·

201 539 264 564 tem
299 528 431 570 Ecclefie
470 527 679 569 Cremonensis
713 525 867 572 obtulisset
886 554 896 571 ,
931 540 967 562 ac
1081 523 1188 565 testato
1214 522 1412 557 continetur.
1439 521 1479 556 si
1505 521 1576 567 quis
1602 532 1705 555 autem
1730 536 1834 559 contra

201 580 278 628 jure
310 579 542 627 proprietario
568 589 625 625 pro
649 579 753 614 anime
782 578 839 623 sue
874 591 965 611 reme.
1080 574 1158 608 hanc
1184 573 1317 616 nostram
1352 571 1568 607 auHoritatem
1595 570 1640 604 ire
1665 581 1836 617 temptave-

203 630 257 665 dio
278 640 337 676 per
361 640 516 676 rogatores
535 630 629 675 suos,
666 629 824 663 Guntberi
848 628 964 663 videli-
1081 625 1146 668 rit,
1172 637 1210 660 ac
1232 625 1271 657 de
1296 622 1472 670 prescriPtis
1506 623 1596 656 rebus
1620 632 1742 668 partem
1764 633 1836 668 pre-

203 691 271 722 σει,
299 681 494 725 Gyroldum,
519 691 612 726 atque
632 681 794 714 Hillonern
818 690 873 726 per
899 692 966 713 con·
1075 674 1145 718 fate
1171 673 1305 714 Eccleste
1331 673 1503 720 inquietare
1528 671 1693 719 quefierit‚
1726 683 1839 718 penam

200 730 385 776 scriptionis
408 731 562 777 paginam
589 730 725 765 tradidit
738 743 754 763 .·
781 731 824 764 (9⁵
847 740 902 776 per
920 728 963 773 fi.
1006 718 1033 752 Β
1081 724 1291 760 immunitatis
1318 724 1439 767 nostre,
1467 722 1552 764 ficut
1577 723 1618 757 de
1642 723 1731 758 rebus
1765 732 1842 756 cete-

205 781 290 816 deles
325 779 437 822 nostros
464 781 498 815 in
525 781 627 823 nostra
650 780 806 827 presentia
842 781 968 814 eandem
1081 789 1185 811 rarum
1212 774 1441 818 Ecclesiarum‚
1469 773 1522 808 hoc
1547 773 1590 816 est
1615 773 1754 820 triginta
1780 772 1840 807 Li-

205 831 392 867 traditionis
414 831 569 878 paginam
586 858 596 875 ‚
623 844 716 877 quam
740 830 901 878 prediHus
927 831 966 864 il·
1080 828 1152 861 bras
1177 827 1302 873 argenti
1329 824 1389 871 ipsi
1414 834 1567 870 componet
1607 822 1765 864 Ecclefie.
1793 824 1842 857 Et

207 882 239 915 Ie
267 879 376 925 Vaffus
412 881 529 925 noster,
566 892 747 928 rogatorque
790 881 888 928 ipsius
922 880 970 914 rei
1082 888 1117 910 ut
1142 878 1196 910 hoc
1221 878 1332 910 cercius
1367 876 1557 918 crederetur,
1593 888 1629 909 ac
1654 873 1844 920 diligentius

203 931 346 976 fecerat,
383 932 520 977 undique
556 932 692 967 roborari
711 930 877 977 juffimus.
912 934 968 966 Set
1081 927 1294 971 observaretur
1311 953 1320 969 ,
1347 927 1384 959 de
1411 925 1506 960 anulo
1532 924 1628 967 noslro
1648 925 1758 970 subter
1772 921 1843 970 jus-

205 993 263 1029 pro
289 982 436 1028 ampliori
456 982 615 1027 firmitate
638 996 675 1018 ac
700 983 797 1017 tocius
816 982 966 1027 securita·
1076 977 1176 1020 fimus
1195 976 1364 1023 sigillari.

207 1033 252 1066 tis
277 1043 443 1079 augmento
467 1034 588 1079 placuit
614 1034 702 1068 nobis
728 1034 763 1068 id
790 1033 889 1080 ipsum
915 1046 967 1067 no·
1159 1026 1263 1064 Deest
1288 1025 1494 1075 subscriptio
1522 1023 1771 1075 Imperatoris.

200 1083 272 1124 stra
298 1097 334 1117 ac
360 1084 525 1129 Imperiali
547 1084 734 1118 auHoritate
759 1084 901 1118 muniri:
926 1083 969 1117 &¹

207 1131 277 1166 ideo
302 1131 382 1165 hanc
408 1132 505 1172 nostre
524 1133 723 1168 aufloritatis
747 1135 968 1170 roborationem
1134 1133 1184 1164 Pu
1187 1154 1374 1166 ........
1402 1126 1556 1162 Notarius
1574 1127 1619 1161 ad
1635 1125 1736 1160 vicem
1756 1127 1845 1160 Dru-

201 1181 413 1228 superaddere
439 1181 482 1214 (9¹
499 1181 579 1225 fieri
600 1181 745 1227 juffimus
760 1212 771 1229 ‚
796 1196 853 1232 per
877 1197 970 1232 quam
1010 1171 1042 1205 C
1084 1179 1205 1215 &emiri
1230 1177 1394 1224 recognovi
1409 1204 1423 1213 .

209 1232 335 1266 omnino
355 1231 537 1276 sancimus,
567 1232 759 1280 firmumque
792 1235 970 1280 mansurum
1135 1233 1227 1266 Data
1255 1231 1293 1264 V.
1319 1229 1397 1263 Idus
1423 1225 1590 1269 Martias,
1616 1228 1718 1261 Anno
1744 1227 1845 1272 Impe-

210 1282 447 1326 constituimus‚
484 1293 520 1317 ut
555 1284 663 1317 nullus
697 1287 805 1319 Comes
824 1312 834 1329 ‚
876 1298 971 1331 neque
1085 1281 1130 1314 rii
1155 1279 1275 1314 Domni
1303 1277 1458 1313 Ludo-vici
1493 1277 1550 1311 Pii
1586 1276 1783 1323 Imperatoris
1809 1276 1846 1310 in

209 1333 297 1368 ullus
322 1333 507 1380 Reipublice
532 1334 685 1376 Minister
700 1362 711 1378 ,
738 1349 792 1370 nec
816 1335 973 1382 quispiam
1087 1330 1187 1366 Italia
1215 1331 1304 1364 VIII.
1333 1327 1510 1363 Indic‘iione
1532 1329 1593 1362 IX.

211 1385 356 1418 heredum
381 1384 436 1418 vel
458 1385 660 1431 proheredum
681 1385 818 1432 prediHi
834 1387 972 1420 Rutche-
1138 1380 1262 1416 Afflum
1290 1382 1433 1414 Mantua
1468 1378 1640 1422 Civitate,
1677 1377 1720 1412 (9⁶
1745 1376 1846 1412 Pala-

212 1434 265 1478 ri,
302 1445 396 1481 atque
431 1435 501 1470 ulla
536 1435 724 1470 intercidens
758 1436 803 1470 θ’
837 1435 974 1482 opposita
1087 1431 1131 1466 tio
1158 1431 1258 1477 Regis
1278 1429 1417 1474 feliciter
1441 1428 1475 1462 in
1502 1429 1656 1462 Domino.
1682 1430 1810 1462 Amen.

209 1485 342 1532 persona
358 1512 368 1529 ,
395 1485 558 1532 quippiam
585 1486 816 1521 retraHationis
841 1496 899 1520 aut
926 1486 973 1519 in·
1139 1481 1279 1526 Quibus
1306 1488 1422 1514 autem
1451 1477 1613 1513 formulis
1641 1480 1751 1525 Reges
1773 1489 1846 1512 non

213 1535 356 1576 vasionis
383 1535 633 1582 inquietudinem
660 1536 694 1570 in
720 1536 772 1569 his
797 1537 887 1569 rebus
911 1536 976 1568 ullo
1088 1530 1242 1575 Beneficii
1270 1530 1330 1574 sed
1363 1529 1496 1564 ffllodit‘
1529 1528 1673 1563 nornine
1710 1526 1845 1574 aliquid

216 1597 362 1630 umquam
388 1596 520 1630 tempore
546 1595 651 1618 contra
672 1584 850 1630 praefatam
870 1584 976 1617 Eccle-
1087 1580 1157 1616 suis
1186 1579 1365 1615 fidelibus
1392 1577 1610 1622 conferrent,
1638 1591 1681 1614 ex
1702 1577 1847 1625 sequen-

210 1633 316 1676 fiam,
352 1643 409 1668 aut
444 1633 590 1668 ReHores
625 1633 692 1678 ejus
727 1633 840 1676 inferre
872 1633 975 1680 presu-
1016 1621 1050 1654 D
1088 1630 1118 1666 ti
1147 1629 1354 1677 Diplomate
1379 1628 1555 1676 liquebit,
1582 1628 1676 1675 quod
1703 1641 1746 1663 ex
1767 1627 1846 1663 infi-

219 1694 307 1725 mat,
336 1697 388 1717 nec
414 1684 576 1729 quisquam
600 1684 674 1717 inde
691 1684 815 1728 causare
833 1694 979 1718 conetur:
1088 1681 1150 1729 gni
1186 1679 1350 1715 Archivo
1384 1678 1547 1727 Capituli
1583 1678 1845 1715 canonicorum

214 1734 273 1778 sed
291 1733 375 1774 sicut
401 1734 434 1767 in
463 1733 563 1774 nostra
585 1733 743 1780 presentia
769 1735 910 1777 tradite,
938 1735 980 1768 (9¹
1090 1730 1311 1782 Regienfium
1338 1729 1530 1779 depromfi.

224 1797 243 1817 a
270 1783 380 1825 nostris
399 1783 556 1828 fidelibus
576 1784 708 1827 fuerunt
742 1786 900 1828 roborate,
937 1784 984 1818 ita
1055 1743 1064 1829 ἱ

248 1891 426 1935 Donatio
457 1868 618 1935 Feiinae
650 1894 688 1934 δε
723 1892 900 1935 Malliaci
931 1892 1029 1936 fafla
1062 1905 1126 1949 per
1158 1889 1408 1934 Ludovicum
1442 1892 1494 1931 ΙΙ.
1526 1892 1815 1947 Imperatorem

500 1951 672 2010 Supponi
704 1951 821 1995 Vaffo
854 1954 892 1994 8<
924 1950 1160 1996 Confiliario
1189 1950 1280 2005 suo,
1311 1954 1433 1992 Anno
1466 1950 1565 2005 863.

270 2087 307 2120 N
331 2084 452 2118 nomine
479 2084 612 2119 Domini
641 2084 705 2120 Dei
733 2085 774 2118 (9²
800 2085 982 2120 salvatoris
1008 2084 1050 2122 'E
1069 2092 1072 2102 ’
1089 2083 1229 2132 sentium
1249 2082 1369 2129 scilicet
1393 2095 1428 2117 ac
1448 2081 1626 2125 futurorum
1660 2077 1739 2124 nesse
1767 2079 1852 2126 cupi-

297 2135 390 2177 nostri
407 2134 488 2178 Jesu
515 2135 656 2179 Christi,
697 2136 904 2170 Hludowicus
930 2137 980 2170 di·
1097 2147 1164 2171 mus
1185 2133 1373 2180 sagacitatis
1395 2131 1601 2174 industriam,
1621 2130 1757 2178 qualiter
1776 2131 1853 2164 An-

221 2187 301 2221 νίκα
319 2185 484 2219 ordinante
502 2187 710 2232 providentia
727 2189 894 2233 Imperator
908 2191 981 2221 Au-
1097 2185 1258 2232 delberga
1283 2182 1480 2228 dichiffirna
1499 2181 1667 2218 Coniunx
1695 2181 1730 2215 &
1757 2181 1853 2215 Con-

217 2236 348 2284 gusius.
377 2239 414 2270 Si
440 2235 558 2282 piorum
583 2237 787 2283 petitionibus
813 2250 902 2271 aures
930 2250 979 2271 no-
1098 2237 1168 2272 sors
1198 2233 1340 2282 Imperii
1363 2232 1467 2268 nostri
1487 2232 1642 2279 expetivit
1660 2230 1854 2265 clementiam

214 2287 302 2331 strae
318 2286 449 2332 pietatis
468 2289 797 2322 accommodaverimus
813 2314 821 2328 ,
843 2288 876 2321 id
896 2289 983 2322 nobis
1097 2287 1253 2330 nostram,
1279 2283 1429 2332 quatinus
1451 2294 1508 2330 per
1533 2281 1650 2324 nostrae
1672 2280 1856 2327 largitionis

222 2340 265 2374 ad
292 2351 393 2372 eorum
410 2336 607 2380 fidelitatem
633 2340 811 2385 augendam
847 2336 982 2385 prodesse
1097 2342 1297 2383 Praeceptum
1306 2334 1381 2380 jure
1395 2333 1518 2380 proprio
1532 2338 1754 2367 concederemus
1770 2332 1855 2377 Sup-

223 2389 363 2434 cupimus
381 2415 391 2431 ‚
429 2387 554 2434 insuper
578 2403 614 2424 ac
639 2402 783 2424 aeternae
810 2403 980 2424 renumera-
1097 2387 1180 2437 poni
1201 2388 1326 2430 strenuo
1361 2384 1465 2419 Vaffo
1483 2411 1493 2427 ,
1528 2381 1698 2429 dileftoque
1732 2379 1856 2416 Confi-

223 2440 319 2473 tionis
344 2438 486 2485 praemia
505 2438 574 2479 fine
591 2439 659 2484 fine
678 2441 825 2483 mansura
845 2453 897 2474 nos
914 2451 980 2486 per·
1095 2439 1201 2475 liario
1228 2436 1342 2472 nostro
1368 2435 1518 2482 quasdam
1546 2436 1652 2468 Cortes
1677 2431 1759 2475 juris
1787 2435 1855 2466 Re·

221 2491 320 2536 εἶρε-νε
341 2489 514 2525 credimus.
543 2491 647 2535 Igitur
665 2492 800 2525 omnium
821 2491 984 2525 Fidelium
1011 2488 1016 2565 Ι
1090 2490 1152 2537 gni
1178 2489 1296 2530 nostri,
1318 2485 1395 2526 sitas
1426 2486 1458 2519 in
1486 2484 1649 2519 Comitatu
1665 2481 1856 2526 Parmense,

220 2540 355 2576 Sanblae
375 2540 439 2577 Dei
463 2540 640 2585 Ecclesiae,
657 2541 880 2589 nostrorumque
891 2552 984 2589 prae·
1096 2541 1129 2576 in
1157 2538 1346 2582 castaldatu
1372 2535 1598 2581 Bismantino,
1635 2546 1767 2581 quarum
1791 2544 1857 2566 una

1709 2596 1804 2618 voca-
