2185 3027
339 253 542 289 melion-ntur
570 256 612 290 &
640 271 698 293 non
723 260 901 307 pejorentur
924 267 1015 310 usque
1042 264 1098 298 ad-

343 304 542 348 venientibus
568 309 710 344 continuo
736 313 849 348 annis.
867 340 874 348 .
892 340 900 349 .
918 341 926 349 .
955 315 1006 356 isti
1028 326 1097 360 pro-

343 355 422 390 xime
449 358 710 396 advenientibus.
739 365 786 397 Et
821 364 932 398 exinde
966 366 1003 398 de
1030 365 1097 410 ipsa

336 406 551 455 suprascripta
579 424 629 454 re,
666 413 801 458 qualiter
821 414 920 461 supra
955 415 1096 461 legitur,

341 472 446 493 annue
472 461 659 506 temporibus
684 465 841 497 redditum
867 475 959 511 atque
995 466 1095 499 tribu»

342 518 409 542 tum
435 511 604 556 persolvere
629 514 811 548 debeamus.
827 541 836 548 .
858 541 866 549 .
887 541 895 550 .
912 541 922 550 .
940 541 948 550 .
976 529 1095 560 annos,

343 560 420 602 idest
446 574 482 596 ex
507 563 672 609 omnigena
698 578 753 608 re,
777 577 878 611 grano
900 564 998 611 groffo
1035 580 1093 600 mo-

340 611 393 645 dio
419 622 548 658 quarto,
569 614 688 648 minuto
708 625 810 649 autem
837 616 936 650 modio
962 617 1070 663 quinto
1085 644 1095 662 ‚

340 661 406 702 lino
426 676 543 699 manna
561 665 694 710 quinta,
715 666 793 700 vino
817 668 1011 701 medietatem

340 714 415 748 dare
442 715 568 750 debeam
596 716 629 748 in
671 717 804 750 Domini
841 717 961 752 Natale
995 719 1097 765 pullos

340 766 418 799 duos
433 793 443 807 ,,
471 779 547 800 ovas
573 766 692 810 decem,
721 778 826 813 operas
851 781 925 801 vero
958 780 1013 815 per
1038 783 1092 803 an=

340 829 394 850 nos
414 816 517 859 facere
541 816 667 850 debeam
693 817 761 851 dies
787 828 919 865 quatuor
938 821 1097 854 manualis·

339 879 406 901 cum
431 866 574 900 domnica
599 879 725 902 annona
740 894 853 904 ......
891 872 979 904 rebus
1015 871 1096 904 inter

337 927 420 950 curte
446 917 489 949 (9¹
508 927 571 950 orto
590 916 771 958 faciendum
791 920 923 965 sestaria
942 931 1093 968 quatuor,

337 968 420 1007 unde
446 979 506 999 non
534 969 699 1002 reddamus
715 997 724 1010 ‚
747 971 789 1003 (9⁴
808 971 872 1018 ipso
899 973 996 1014 nostro
1019 985 1091 1018 gra-

336 1030 375 1050 no
402 1017 456 1051 vel
474 1018 552 1051 vino
572 1019 728 1053 redditura
748 1033 899 1069 quamque
925 1023 1033 1057 exenia
1054 1024 1095 1056 (9·

337 1078 441 1114 operas
458 1094 568 1104 .....
578 1070 704 1111 studere
731 1073 773 1105 Θ·
800 1074 974 1117 triturare,
1002 1085 1094 1119 arque

338 1132 464 1163 §vegere
484 1120 605 1163 facere,
627 1122 703 1155 dare
723 1123 765 1155 Θ·
785 1124 959 1171 consignare
985 1126 1093 1158 debea-

337 1180 406 1201 mus
432 1169 466 1202 in
494 1171 624 1203 Matina
650 1172 764 1214 vobis,
792 1176 847 1219 qui
876 1175 974 1220 supra
1002 1175 1089 1208 Wal-

332 1218 417 1264 perti
457 1219 608 1265 Episcopo
628 1246 638 1262 ‚
681 1221 801 1266 tuisque
844 1224 1058 1267 successoribus
1082 1251 1092 1267 ‚

335 1270 430 1315 quam
464 1270 537 1305 vel.
553 1296 561 1304 .
579 1296 587 1304 .
604 1297 612 1304 .
649 1284 715 1304 cum
742 1273 839 1313 nostro
864 1273 1027 1319 dispendio
1047 1274 1088 1314 fi-

336 1332 374 1353 ne
409 1332 525 1353 omnem
563 1321 725 1355 neclefflum
761 1323 815 1356 vel
845 1324 1010 1367 fraudem.
1047 1327 1094 1358 Et

332 1379 390 1415 pro
429 1380 560 1415 tempore
601 1372 698 1415 meffis
742 1372 897 1419 simulque
937 1375 1094 1408 vindemie

336 1418 433 1463 Misso
459 1420 590 1453 Domini
616 1423 703 1455 abere
728 1423 912 1465 debeamus,
934 1424 976 1455 (9'
998 1438 1018 1457 a
1040 1424 1092 1466 su·

329 1470 467 1514 sceptasn
478 1496 614 1506 ......
651 1472 779 1516 patroni
806 1472 891 1513 stare
930 1473 1094 1506 debeamus

334 1520 378 1553 ad
413 1519 526 1554 reblam
556 1520 715 1564 justitiam
750 1521 946 1564 faciendum.
987 1525 1034 1555 Et
1064 1521 1095 1562 si

334 1570 546 1611 noluerimus,
574 1582 629 1617 per
655 1572 839 1612 Potestatem
868 1573 957 1606 nohis
982 1573 1089 1618 pigne-

333 1632 402 1654 rare
423 1621 560 1654 debeatis
580 1622 648 1661 fine
665 1623 793 1668 publica
820 1623 1005 1658 attilo-ritate
1019 1649 1027 1657 .
1044 1650 1052 1658 .
1065 1648 1092 1658 .-

331 1670 512 1717 poszdmus,
540 1682 576 1705 ut
601 1671 627 1711 li
654 1674 757 1717 exire,
785 1684 842 1708 aut
868 1675 988 1708 minare
1004 1701 1013 1717 ,
1039 1683 1095 1708 aut

336 1720 447 1766 aliqua
472 1721 691 1768 superpositam
704 1724 808 1767 facere
823 1751 833 1767 ‚
849 1725 996 1768 fraudem
1009 1752 1017 1766 ,
1039 1734 1095 1759 aut

335 1771 499 1805 necleHmn
524 1773 710 1818 fecerimus,
742 1775 784 1807 (9⁴
805 1788 865 1809 non
888 1775 1090 1822 permanseri

335 1834 402 1855 mus
428 1823 536 1857 ambas
546 1849 707 1860 .......
742 1835 808 1859 tam
835 1839 889 1860 nos
923 1826 1094 1873 suprascri—

332 1881 430 1918 ptus,
458 1884 609 1921 quamque
637 1874 853 1920 succeffbribus
880 1887 937 1911 aut
976 1877 1095 1911 heredi-

336 1924 391 1958 bus
419 1922 548 1968 nostris,
586 1926 630 1959 (9⁴
663 1928 828 1972 probatura
858 1927 989 1971 fuerit:
1025 1938 1097 1962 tunc

333 1973 545 2021 promittimus
571 1988 746 2023 cumponere
781 1991 861 2012 unus
897 1979 1011 2021 alteri,
1049 1981 1098 2013 cui

337 2024 428 2070 culpa
464 2024 597 2060 inventa
627 2028 754 2071 fuerit,
787 2039 871 2075 pena
906 2030 1027 2063 nomine
1063 2030 1096 2063 in

337 2085 465 2120 argento
491 2076 616 2111 solidos
651 2078 794 2123 viginti.
832 2082 879 2113 Et
916 2079 983 2125 post
1015 2090 1098 2125 pena
1136 2076 1164 2108 E

333 2124 495 2172 composita
522 2126 576 2161 hos
616 2128 720 2163 libelli
755 2129 977 2173 convenenct'e,
1013 2129 1095 2170 ficut

328 2176 473 2222 superius
497 2176 640 2224 legitur,
669 2179 702 2213 in
723 2179 784 2223 sua
820 2191 1002 2226 permaneat
1031 2180 1095 2224 fir-

335 2226 444 2260 mitate
464 2253 604 2264 ......
633 2229 802 2272 constitudo
812 2244 832 2273 ,·
859 2232 942 2265 unde
968 2232 1029 2265 duo
1054 2231 1095 2265 li·

335 2277 411 2310 belli
437 2278 673 2324 conveniencie‚
708 2281 783 2328 pari
810 2281 908 2316 tinore
934 2282 1095 2329 conscripti

329 2327 408 2371 sunt
424 2355 433 2363 .

385 2378 473 2414 ,Aelo
499 2380 651 2426 Matina,
678 2382 755 2426 die,
776 2383 912 2430 Regni,
937 2384 979 2418 &⁶
1005 2383 1094 2418 Indi-

334 2426 431 2462 Hione
451 2431 666 2480 suprascripta
688 2433 824 2477 feliciter
839 2460 848 2469 .

383 2481 518 2525 Signum
543 2485 585 2527 ᾖξε
616 2497 726 2518 manus
743 2484 928 2530 Iohannis,
958 2484 1013 2532 qui
1041 2484 1094 2520 hoc

334 2528 440 2565 libello
459 2532 592 2577 firibere
618 2535 732 2582 rogavi
745 2560 754 2570 .

1127 268 1171 344 Ji

1123 680 1180 765 ιθ,

697 200 1101 260 ANTIQUIT.
1154 203 1391 248 MEDII
1438 207 1620 251 AEVI

1882 229 1907 255 0

1260 265 1364 311 Signa
1399 269 1440 311 ᾖξ’(
1463 271 1504 313 *F
1524 272 1566 312 ᾧ
1595 283 1742 305 manuum
1769 229 1939 305 Boffigerti
1953 298 1963 315 ,

1213 314 1254 348 (9·
1269 318 1437 363 Ramperti
1450 344 1463 362 -‚
1482 320 1524 353 (9⁶
1539 322 1714 367 Erimperti
1727 323 1766 355 de
1781 322 1869 355 Sisla
1880 348 1887 356 .
1905 348 1913 356 .
1928 347 1936 356 .
1953 348 1961 357 .

1211 367 1328 412 rogatis
1352 370 1529 404 exercitales
1556 372 1642 413 testes
1657 398 1664 406 .

1262 442 1393 454 ......
1421 421 1558 466 qualiter
1576 421 1721 468 superius
1747 422 1882 468 legitur,
1906 433 1963 469 per

1211 479 1335 502 manum
1364 472 1546 504 Hodelberti
1571 473 1729 506 Presbiter
1748 474 1790 506 (9¹
1810 474 1962 506 Notarius

1210 518 1324 551 SanHe
1368 521 1558 562 Mutinensis
1609 522 1763 564 Ecclesiae
1809 523 1961 569 complevi

1211 567 1253 600 (9⁴
1280 569 1380 604 dedi.

1260 619 1402 665 Epocha
1430 619 1507 656 heic
1535 621 1691 657 adhibita
1719 623 1763 657 est
1791 622 1903 670 Regni
1932 625 1964 657 1-

1209 668 1330 711 talici‚
1358 682 1428 703 non
1457 674 1538 705 vero
1577 672 1738 718 Imperii.
1776 674 1961 715 Propterea

1209 717 1279 763 post
1304 719 1432 764 Imperii
1455 719 1522 765 ejus
1548 721 1686 756 additur
1709 722 1756 755 hic
1781 722 1813 755 in
1842 722 1960 757 Italia.

1208 767 1346 812 Quibus
1375 778 1489 804 autem
1515 769 1662 815 ritibus,
1688 771 1856 819 quibusve
1881 784 1962 806 con-

1207 818 1402 854 ditionibus
1428 821 1515 855 olim
1541 821 1677 869 praedia
1703 821 1835 857 rusticis
1860 835 1963 857 exco-

1205 868 1306 904 lenda
1333 870 1556 915 locarentur,
1593 871 1848 907 animadvertet
1884 872 1962 907 heic

1207 920 1416 955 eruditionis
1437 921 1600 969 antiquae
1616 933 1770 957 amaror.
1788 922 1849 957 Sed
1869 923 1961 970 quod

1208 969 1422 1017 potiffirnum
1449 971 1536 1006 hanc
1564 972 1651 1008 mihi
1678 973 1845 1008 Chartam
1868 986 1963 1007 com-

1207 1021 1370 1064 mendat,
1396 1021 1485 1057 illud
1507 1022 1551 1056 cst
1575 1022 1667 1070 quod
1695 1024 1891 1068 LValpertum
1916 1026 1964 1057 Ε-

1202 1072 1356 1118 piscopum
1387 1073 1600 1117 Mutinensem
1630 1073 1706 1108 heic
1731 1072 1962 1115 offendimus,

1206 1122 1366 1165 ignotum
1405 1123 1618 1169 Sillingardo
1648 1123 1685 1157 in
1713 1124 1888 1170 Catalogo
1916 1125 1962 1157 E-

1207 1172 1375 1220 piscopor.
1395 1171 1588 1207 Mutinens.
1608 1173 1642 1206 &
1664 1171 1832 1220 Ughellio
1852 1174 1959 1208 Tom-

1207 1235 1237 1257 2.
1269 1224 1391 1258 ltaliae
1427 1222 1558 1257 sacrae.
1597 1224 1628 1256 Is
1657 1235 1738 1270 ergo
1766 1222 1959 1258 statuendus

1206 1273 1275 1320 post
1303 1273 1503 1313 Hemidum,
1533 1271 1585 1307 uti
1622 1272 1728 1307 etiam
1758 1272 1848 1307 infra
1886 1273 1961 1309 ani-

1206 1323 1420 1358 madvertam
1459 1323 1496 1357 in
1526 1322 1703 1357 Differtat.
1730 1324 1769 1356 de
1796 1323 1959 1367 Legibus.

1205 1376 1328 1421 Neque
1356 1372 1542 1408 insalutata
1570 1372 1780 1408 dimittenda
1806 1372 1851 1407 est
1878 1373 1961 1419 tegia

1204 1424 1288 1465 illa,
1317 1437 1387 1470 quo
1415 1424 1558 1458 nomine
1579 1423 1688 1458 adhuc
1717 1423 1960 1467 Mutinenses,

1205 1472 1336 1517 aliique
1378 1473 1642 1518 Langobardiae
1685 1472 1802 1520 populi
1844 1473 1962 1516 foenile

1205 1519 1401 1568 designant.
1429 1524 1573 1565 Tegetem
1599 1523 1827 1557 Tabelliones
1855 1522 1962 1558 nostri

1206 1572 1384 1618 appellant
1403 1598 1412 1613 ‚
1441 1569 1495 1604 sed
1525 1583 1725 1617 perperam,
1764 1584 1871 1618 quum
1900 1577 1961 1606 Te.

1132 1625 1164 1658 D
1201 1635 1256 1668 ges
1277 1622 1509 1669 appellaretur
1533 1621 1620 1655 olim
1634 1648 1643 1661 ,
1673 1621 1764 1668 quod
1786 1635 1848 1657 nos
1868 1626 1962 1656 Stuo-

1206 1686 1241 1707 ra
1261 1671 1430 1707 dicimus.
1455 1671 1615 1706 Nostrum
1640 1672 1762 1718 Tegia,
1790 1671 1858 1708 five
1879 1676 1962 1719 Teg-

1200 1724 1278 1769 gia,
1308 1732 1346 1757 ut
1374 1722 1439 1756 hoc
1467 1721 1582 1756 obiter
1609 1721 1793 1765 adnotem‚
1822 1737 1863 1758 ex
1896 1725 1962 1759 La-

1205 1773 1281 1808 tina
1301 1772 1441 1820 Lingua
1462 1771 1656 1807 desumtum
1679 1772 1766 1819 apud
1796 1786 1859 1808 nos
1887 1786 1961 1820 per·

1205 1823 1305 1858 durat
1326 1850 1335 1858 .
1370 1823 1509 1868 ⁸Attegia
1546 1822 1696 1867 tegulitia
1730 1823 1883 1858 occurrit
1919 1822 1958 1857 in

1206 1873 1316 1909 veteri
1349 1872 1579 1919 Inscriptione
1607 1872 1624 1905 ὲ
1652 1873 1804 1906 Grutero
1833 1872 1959 1920 produ-

1205 1925 1279 1960 &a.
1301 1922 1479 1968 Iuvenalis
1500 1930 1614 1957 autem
1637 1922 1756 1966 Satyra
1779 1933 1835 1967 14.
1857 1925 1958 1956 Mau-

1205 1988 1304 2009 rorum
1331 1973 1467 2019 attegias
1494 1980 1766 2014 commemorat,
1795 1972 1878 2007 idest
1903 1981 1958 2008 tu-

1205 2026 1303 2074 guria
1330 2025 1363 2059 ἃ
1392 2021 1560 2071 mapalia.
1599 2023 1702 2056 Nunc
1741 2023 1863 2068 Teggia
1895 2035 1957 2058 no-

1207 2077 1258 2112 bis
1286 2075 1351 2119 est,
1389 2073 1447 2109 ubi
1474 2072 1613 2107 foenum
1642 2072 1889 2107 tantummodo
1917 2086 1956 2108 ac

1206 2128 1321 2175 paleae
1342 2123 1596 2165 reconduntur,
1617 2135 1654 2157 ac
1677 2136 1735 2170 per
1754 2123 1956 2159 translatio.

1204 2191 1284 2214 nem
1313 2190 1354 2212 eo
1382 2173 1525 2209 nomine
1562 2173 1735 2208 donantur
1771 2173 1864 2209 casae
1901 2173 1956 2209 in-

1204 2230 1339 2267 cultae,
1367 2238 1404 2260 ac
1432 2237 1631 2259 aranearum
1660 2222 1816 2259 concilio
1834 2223 1956 2259 dimis-

1203 2279 1275 2314 sae.
1308 2279 1472 2312 Ceterum
1503 2274 1732 2322 Du·Cangius
1760 2273 1801 2309 ad
1830 2286 1953 2309 vocem

1202 2328 1302 2375 Tegia
1337 2326 1420 2360 haec
1457 2325 1589 2360 habet:
1630 2326 1727 2359 Fides
1761 2335 1953 2370 coopertura.

1201 2379 1319 2425 Papias
1346 2379 1423 2411 MS.
1452 2377 1493 2409 Θ·
1520 2377 1646 2412 editus.
1684 2377 1761 2411 Aut
1787 2375 1954 2411 Gloffarii

1201 2426 1375 2476 Cangiani
1403 2426 1540 2470 editio,
1569 2440 1635 2474 qua
1663 2435 1764 2469 utor,
1802 2434 1861 2460 aut
1890 2427 1954 2461 Pa-

1202 2479 1278 2527 piae
1305 2477 1537 2513 Grammatici
1565 2476 1714 2513 Codices
1741 2475 1819 2511 heic
1847 2475 1957 2510 vitia-'

1173 2535 1179 2574 Ι
1202 2529 1232 2565 ti
1259 2528 1360 2566 sunt.
1396 2527 1623 2565 Scribendum
1651 2526 1814 2564 videtur:
1854 2524 1955 2560 Faeni

1787 2585 1903 2623 oooperg
