<?xml version="1.0" encoding="UTF-8"?>
<!DOCTYPE html PUBLIC "-//W3C//DTD XHTML 1.0 Transitional//EN"
    "http://www.w3.org/TR/xhtml1/DTD/xhtml1-transitional.dtd">
<html xmlns="http://www.w3.org/1999/xhtml" xml:lang="en" lang="en">
 <head>
  <title>
</title>
<meta http-equiv="Content-Type" content="text/html;charset=utf-8" />
  <meta name='ocr-system' content='tesseract 3.04.00' />
  <meta name='ocr-capabilities' content='ocr_page ocr_carea ocr_par ocr_line ocrx_word'/>
</head>
<body>
  <div class='ocr_page' id='page_1' title='image "antiquitatesital02mura_0111.png"; bbox 0 0 2185 3027; ppageno 0'>
   <div class='ocr_carea' id='block_1_1' title="bbox 239 225 1737 292">
    <p class='ocr_par' dir='ltr' id='par_1_1' title="bbox 239 225 1737 292">
     <span class='ocr_line' id='line_1_1' title="bbox 239 225 1737 292; baseline 0.006 -20"><span class='ocrx_word' id='word_1_1' title='bbox 239 251 321 292; x_wconf 60' lang='lat'>225</span> <span class='ocrx_word' id='word_1_2' title='bbox 492 225 994 276; x_wconf 66' lang='lat' dir='ltr'><em>DJSSERTATJO</em></span> <span class='ocrx_word' id='word_1_3' title='bbox 1063 227 1490 279; x_wconf 70' lang='lat' dir='ltr'><em>UNDECJMA:</em></span> <span class='ocrx_word' id='word_1_4' title='bbox 1655 243 1737 280; x_wconf 75' lang='lat'>206</span> 
     </span>
    </p>
   </div>
   <div class='ocr_carea' id='block_1_2' title="bbox 181 287 1797 343">
    <p class='ocr_par' dir='ltr' id='par_1_2' title="bbox 181 287 1797 343">
     <span class='ocr_line' id='line_1_2' title="bbox 181 287 1797 343; baseline -0.002 -13"><span class='ocrx_word' id='word_1_5' title='bbox 181 297 312 330; x_wconf 62' lang='lat' dir='ltr'>collata</span> <span class='ocrx_word' id='word_1_6' title='bbox 341 305 419 329; x_wconf 87' lang='lat' dir='ltr'>cum</span> <span class='ocrx_word' id='word_1_7' title='bbox 449 293 550 336; x_wconf 78' lang='lat' dir='ltr'>aliis,</span> <span class='ocrx_word' id='word_1_8' title='bbox 588 292 629 327; x_wconf 87' lang='lat' dir='ltr'>ad</span> <span class='ocrx_word' id='word_1_9' title='bbox 657 290 841 327; x_wconf 82' lang='lat' dir='ltr'>veritatem</span> <span class='ocrx_word' id='word_1_10' title='bbox 872 289 937 326; x_wconf 87' lang='lat' dir='ltr'>Hi·</span> <span class='ocrx_word' id='word_1_11' title='bbox 976 289 1008 321; x_wconf 88' lang='lat' dir='ltr'>A</span> <span class='ocrx_word' id='word_1_12' title='bbox 1045 287 1321 332; x_wconf 79' lang='lat' dir='ltr'>Ambrofianae‚</span> <span class='ocrx_word' id='word_1_13' title='bbox 1358 292 1524 337; x_wconf 81' lang='lat' dir='ltr'>Diploma</span> <span class='ocrx_word' id='word_1_14' title='bbox 1551 293 1701 343; x_wconf 80' lang='lat' dir='ltr'>ejusdem</span> <span class='ocrx_word' id='word_1_15' title='bbox 1730 298 1797 331; x_wconf 76' lang='lat' dir='ltr'>Ca.</span> 
     </span>
    </p>
   </div>
   <div class='ocr_carea' id='block_1_3' title="bbox 181 338 1809 898">
    <p class='ocr_par' dir='ltr' id='par_1_3' title="bbox 181 338 1809 898">
     <span class='ocr_line' id='line_1_3' title="bbox 181 338 1800 389; baseline -0.001 -9"><span class='ocrx_word' id='word_1_16' title='bbox 181 346 304 380; x_wconf 80' lang='lat' dir='ltr'>storiae</span> <span class='ocrx_word' id='word_1_17' title='bbox 332 344 458 380; x_wconf 79' lang='lat' dir='ltr'>melius</span> <span class='ocrx_word' id='word_1_18' title='bbox 486 342 816 386; x_wconf 85' lang='lat' dir='ltr'>constabiliendam,</span> <span class='ocrx_word' id='word_1_19' title='bbox 842 343 876 377; x_wconf 72' lang='grc' dir='ltr'>δ(</span> <span class='ocrx_word' id='word_1_20' title='bbox 897 341 939 377; x_wconf 82' lang='lat' dir='ltr'>ad</span> <span class='ocrx_word' id='word_1_21' title='bbox 1045 340 1112 376; x_wconf 89' lang='lat' dir='ltr'>roli</span> <span class='ocrx_word' id='word_1_22' title='bbox 1139 338 1251 375; x_wconf 80' lang='lat' dir='ltr'>Craffi</span> <span class='ocrx_word' id='word_1_23' title='bbox 1278 339 1384 387; x_wconf 85' lang='lat' dir='ltr'>Regis</span> <span class='ocrx_word' id='word_1_24' title='bbox 1411 341 1560 389; x_wconf 78' lang='lat' dir='ltr'>legitur,</span> <span class='ocrx_word' id='word_1_25' title='bbox 1596 348 1707 381; x_wconf 76' lang='lat' dir='ltr'>datum</span> <span class='ocrx_word' id='word_1_26' title='bbox 1732 350 1800 381; x_wconf 72' lang='lat' dir='ltr'>Pa.</span> 
     </span>
     <span class='ocr_line' id='line_1_4' title="bbox 182 390 1797 443; baseline -0.002 -12"><span class='ocrx_word' id='word_1_27' title='bbox 182 396 409 443; x_wconf 85' lang='lat' dir='ltr'>antiquorum</span> <span class='ocrx_word' id='word_1_28' title='bbox 446 394 647 431; x_wconf 84' lang='lat' dir='ltr'>industriam</span> <span class='ocrx_word' id='word_1_29' title='bbox 684 393 938 442; x_wconf 88' lang='lat' dir='ltr'>deprehenden-</span> <span class='ocrx_word' id='word_1_30' title='bbox 1043 391 1116 439; x_wconf 81' lang='lat' dir='ltr'>piae</span> <span class='ocrx_word' id='word_1_31' title='bbox 1143 392 1218 425; x_wconf 86' lang='lat' dir='ltr'><em>XII.</em></span> <span class='ocrx_word' id='word_1_32' title='bbox 1246 390 1414 425; x_wconf 80' lang='lat' dir='ltr'><em>Kalendas</em></span> <span class='ocrx_word' id='word_1_33' title='bbox 1439 393 1569 437; x_wconf 69' lang='lat' dir='ltr'>Aprilis</span> <span class='ocrx_word' id='word_1_34' title='bbox 1587 422 1596 438; x_wconf 81' lang='lat'><em>‚</em></span> <span class='ocrx_word' id='word_1_35' title='bbox 1630 401 1730 432; x_wconf 70' lang='lat' dir='ltr'>Anno</span> <span class='ocrx_word' id='word_1_36' title='bbox 1756 399 1797 432; x_wconf 78' lang='lat' dir='ltr'>ab</span> 
     </span>
     <span class='ocr_line' id='line_1_5' title="bbox 182 441 1800 494; baseline 0.001 -12"><span class='ocrx_word' id='word_1_37' title='bbox 182 446 263 482; x_wconf 85' lang='lat' dir='ltr'>dam</span> <span class='ocrx_word' id='word_1_38' title='bbox 279 474 290 491; x_wconf 91' lang='lat'>,</span> <span class='ocrx_word' id='word_1_39' title='bbox 333 446 536 482; x_wconf 82' lang='lat' dir='ltr'>imitatione</span> <span class='ocrx_word' id='word_1_40' title='bbox 572 454 690 481; x_wconf 88' lang='lat' dir='ltr'>tamen</span> <span class='ocrx_word' id='word_1_41' title='bbox 730 444 910 490; x_wconf 75' lang='lat' dir='ltr'>indignam</span> <span class='ocrx_word' id='word_1_42' title='bbox 929 471 939 488; x_wconf 91' lang='lat'>,</span> <span class='ocrx_word' id='word_1_43' title='bbox 1047 441 1264 477; x_wconf 80' lang='lat' dir='ltr'>Incarnatione</span> <span class='ocrx_word' id='word_1_44' title='bbox 1289 443 1547 475; x_wconf 89' lang='lat' dir='ltr'>DCCCLXXX.</span> <span class='ocrx_word' id='word_1_45' title='bbox 1567 447 1665 479; x_wconf 72' lang='lat' dir='ltr'>Anno</span> <span class='ocrx_word' id='word_1_46' title='bbox 1691 448 1800 494; x_wconf 78' lang='lat' dir='ltr'>Regni</span> 
     </span>
     <span class='ocr_line' id='line_1_6' title="bbox 182 491 1799 546; baseline 0.001 -15"><span class='ocrx_word' id='word_1_47' title='bbox 182 497 399 532; x_wconf 81' lang='lat' dir='ltr'>conducant.</span> <span class='ocrx_word' id='word_1_48' title='bbox 428 499 593 533; x_wconf 85' lang='lat' dir='ltr'>Ceterum</span> <span class='ocrx_word' id='word_1_49' title='bbox 620 494 772 544; x_wconf 86' lang='lat' dir='ltr'>ejusdem</span> <span class='ocrx_word' id='word_1_50' title='bbox 801 508 939 543; x_wconf 86' lang='lat' dir='ltr'>quoque</span> <span class='ocrx_word' id='word_1_51' title='bbox 1049 494 1083 527; x_wconf 82' lang='lat' dir='ltr'>in</span> <span class='ocrx_word' id='word_1_52' title='bbox 1111 492 1250 527; x_wconf 85' lang='lat' dir='ltr'>Francia</span> <span class='ocrx_word' id='word_1_53' title='bbox 1281 494 1336 526; x_wconf 84' lang='lat' dir='ltr'>IV·</span> <span class='ocrx_word' id='word_1_54' title='bbox 1374 491 1407 525; x_wconf 58' lang='grc' dir='ltr'>ἰή</span> <span class='ocrx_word' id='word_1_55' title='bbox 1434 491 1535 526; x_wconf 82' lang='lat' dir='ltr'>Italia</span> <span class='ocrx_word' id='word_1_56' title='bbox 1561 494 1587 526; x_wconf 85' lang='lat' dir='ltr'>I·</span> <span class='ocrx_word' id='word_1_57' title='bbox 1616 494 1667 528; x_wconf 85' lang='lat' dir='ltr'>De</span> <span class='ocrx_word' id='word_1_58' title='bbox 1703 499 1799 546; x_wconf 79' lang='lat' dir='ltr'>cujus</span> 
     </span>
     <span class='ocr_line' id='line_1_7' title="bbox 182 540 1801 595; baseline -0.001 -12"><span class='ocrx_word' id='word_1_59' title='bbox 182 547 306 583; x_wconf 82' lang='lat' dir='ltr'>Caroli</span> <span class='ocrx_word' id='word_1_60' title='bbox 327 547 436 583; x_wconf 82' lang='lat' dir='ltr'>Craffi</span> <span class='ocrx_word' id='word_1_61' title='bbox 456 548 611 583; x_wconf 89' lang='lat' dir='ltr'>nondum</span> <span class='ocrx_word' id='word_1_62' title='bbox 634 546 857 595; x_wconf 83' lang='lat' dir='ltr'>Imperatoris</span> <span class='ocrx_word' id='word_1_63' title='bbox 876 546 938 581; x_wconf 91' lang='lat' dir='ltr'>Di·</span> <span class='ocrx_word' id='word_1_64' title='bbox 1048 552 1163 578; x_wconf 83' lang='lat' dir='ltr'>tamen</span> <span class='ocrx_word' id='word_1_65' title='bbox 1201 541 1418 590; x_wconf 81' lang='lat' dir='ltr'>Diplomatis</span> <span class='ocrx_word' id='word_1_66' title='bbox 1454 540 1522 576; x_wconf 86' lang='lat' dir='ltr'>fide</span> <span class='ocrx_word' id='word_1_67' title='bbox 1549 541 1710 579; x_wconf 79' lang='lat' dir='ltr'>dubitavi</span> <span class='ocrx_word' id='word_1_68' title='bbox 1737 561 1801 594; x_wconf 83' lang='lat' dir='ltr'>ego</span> 
     </span>
     <span class='ocr_line' id='line_1_8' title="bbox 183 591 1804 647; baseline -0.003 -16"><span class='ocrx_word' id='word_1_69' title='bbox 183 598 302 646; x_wconf 80' lang='lat' dir='ltr'>ploma</span> <span class='ocrx_word' id='word_1_70' title='bbox 331 598 434 633; x_wconf 88' lang='lat' dir='ltr'>habes</span> <span class='ocrx_word' id='word_1_71' title='bbox 461 599 550 647; x_wconf 88' lang='lat' dir='ltr'>apud</span> <span class='ocrx_word' id='word_1_72' title='bbox 578 598 677 646; x_wconf 88' lang='lat' dir='ltr'>supra</span> <span class='ocrx_word' id='word_1_73' title='bbox 704 606 938 632; x_wconf 87' lang='lat' dir='ltr'>memoratum</span> <span class='ocrx_word' id='word_1_74' title='bbox 1047 594 1158 630; x_wconf 78' lang='lat' dir='ltr'>alibi.</span> <span class='ocrx_word' id='word_1_75' title='bbox 1193 594 1325 629; x_wconf 61' lang='lat' dir='ltr'>Veram</span> <span class='ocrx_word' id='word_1_76' title='bbox 1363 593 1446 628; x_wconf 87' lang='lat' dir='ltr'>haec</span> <span class='ocrx_word' id='word_1_77' title='bbox 1482 591 1554 640; x_wconf 87' lang='lat' dir='ltr'>ipsa</span> <span class='ocrx_word' id='word_1_78' title='bbox 1572 619 1582 637; x_wconf 91' lang='lat'>,</span> <span class='ocrx_word' id='word_1_79' title='bbox 1619 606 1804 640; x_wconf 82' lang='lat' dir='ltr'>quaecum.</span> 
     </span>
     <span class='ocr_line' id='line_1_9' title="bbox 185 642 1806 698; baseline -0.002 -14"><span class='ocrx_word' id='word_1_80' title='bbox 185 648 436 697; x_wconf 84' lang='lat' dir='ltr'>Du·Cangium</span> <span class='ocrx_word' id='word_1_81' title='bbox 473 649 512 685; x_wconf 88' lang='lat' dir='ltr'>in</span> <span class='ocrx_word' id='word_1_82' title='bbox 539 648 745 698; x_wconf 83' lang='lat' dir='ltr'>Appendice</span> <span class='ocrx_word' id='word_1_83' title='bbox 772 647 883 683; x_wconf 90' lang='lat' dir='ltr'>Tomi</span> <span class='ocrx_word' id='word_1_84' title='bbox 913 649 939 682; x_wconf 87' lang='grc' dir='ltr'>Ι.</span> <span class='ocrx_word' id='word_1_85' title='bbox 1048 658 1114 692; x_wconf 80' lang='lat' dir='ltr'>que</span> <span class='ocrx_word' id='word_1_86' title='bbox 1135 643 1199 679; x_wconf 84' lang='lat' dir='ltr'>fint</span> <span class='ocrx_word' id='word_1_87' title='bbox 1218 644 1450 688; x_wconf 81' lang='lat' dir='ltr'>documenta,</span> <span class='ocrx_word' id='word_1_88' title='bbox 1476 642 1565 678; x_wconf 80' lang='lat' dir='ltr'>illud</span> <span class='ocrx_word' id='word_1_89' title='bbox 1587 642 1709 679; x_wconf 83' lang='lat' dir='ltr'>saltem</span> <span class='ocrx_word' id='word_1_90' title='bbox 1731 657 1806 691; x_wconf 83' lang='lat' dir='ltr'>per-</span> 
     </span>
     <span class='ocr_line' id='line_1_10' title="bbox 184 693 1806 748; baseline -0.004 -11"><span class='ocrx_word' id='word_1_91' title='bbox 184 711 262 748; x_wconf 80' lang='lat' dir='ltr'>pag·</span> <span class='ocrx_word' id='word_1_92' title='bbox 298 701 383 746; x_wconf 87' lang='lat'>467.</span> <span class='ocrx_word' id='word_1_93' title='bbox 422 702 553 736; x_wconf 90' lang='lat' dir='ltr'>Datum</span> <span class='ocrx_word' id='word_1_94' title='bbox 590 700 721 735; x_wconf 85' lang='lat' dir='ltr'>dicitur</span> <span class='ocrx_word' id='word_1_95' title='bbox 752 702 788 734; x_wconf 88' lang='lat' dir='ltr'>V.</span> <span class='ocrx_word' id='word_1_96' title='bbox 818 700 939 733; x_wconf 83' lang='lat' dir='ltr'>Kalen·</span> <span class='ocrx_word' id='word_1_97' title='bbox 1049 695 1186 731; x_wconf 78' lang='lat' dir='ltr'>suadere</span> <span class='ocrx_word' id='word_1_98' title='bbox 1222 694 1413 737; x_wconf 85' lang='lat' dir='ltr'>videntur,</span> <span class='ocrx_word' id='word_1_99' title='bbox 1450 693 1586 730; x_wconf 86' lang='lat' dir='ltr'>scilicet</span> <span class='ocrx_word' id='word_1_100' title='bbox 1621 693 1806 744; x_wconf 79' lang='lat' dir='ltr'>inaugura-</span> 
     </span>
     <span class='ocr_line' id='line_1_11' title="bbox 181 744 1808 794; baseline -0.001 -12"><span class='ocrx_word' id='word_1_101' title='bbox 181 752 244 784; x_wconf 71' lang='lat' dir='ltr'>das</span> <span class='ocrx_word' id='word_1_102' title='bbox 261 751 443 794; x_wconf 80' lang='lat' dir='ltr'>Januarii,</span> <span class='ocrx_word' id='word_1_103' title='bbox 478 755 580 785; x_wconf 69' lang='lat' dir='ltr'>Anno</span> <span class='ocrx_word' id='word_1_104' title='bbox 607 753 765 785; x_wconf 81' lang='lat' dir='ltr'>Incarnat.</span> <span class='ocrx_word' id='word_1_105' title='bbox 795 749 940 784; x_wconf 86' lang='lat' dir='ltr'>Domini·</span> <span class='ocrx_word' id='word_1_106' title='bbox 1049 746 1184 782; x_wconf 88' lang='lat' dir='ltr'>tionem</span> <span class='ocrx_word' id='word_1_107' title='bbox 1211 745 1334 782; x_wconf 84' lang='lat' dir='ltr'>Caroli</span> <span class='ocrx_word' id='word_1_108' title='bbox 1362 744 1473 781; x_wconf 75' lang='lat' dir='ltr'>Craffi</span> <span class='ocrx_word' id='word_1_109' title='bbox 1509 745 1548 780; x_wconf 91' lang='lat' dir='ltr'>in</span> <span class='ocrx_word' id='word_1_110' title='bbox 1578 747 1707 793; x_wconf 81' lang='lat' dir='ltr'>Regem</span> <span class='ocrx_word' id='word_1_111' title='bbox 1738 748 1808 781; x_wconf 84' lang='lat' dir='ltr'>Ita-</span> 
     </span>
     <span class='ocr_line' id='line_1_12' title="bbox 185 795 1808 836; baseline -0.001 -3"><span class='ocrx_word' id='word_1_112' title='bbox 185 812 237 834; x_wconf 81' lang='lat' dir='ltr'>cae</span> <span class='ocrx_word' id='word_1_113' title='bbox 262 803 536 836; x_wconf 86' lang='lat' dir='ltr'>DCCCLXXXI.</span> <span class='ocrx_word' id='word_1_114' title='bbox 563 801 735 836; x_wconf 71' lang='lat' dir='ltr'>IndiHione</span> <span class='ocrx_word' id='word_1_115' title='bbox 759 803 846 836; x_wconf 83' lang='lat' dir='ltr'>XIV.</span> <span class='ocrx_word' id='word_1_116' title='bbox 866 802 940 835; x_wconf 70' lang='lat' dir='ltr'>An·</span> <span class='ocrx_word' id='word_1_117' title='bbox 1049 797 1118 832; x_wconf 87' lang='lat' dir='ltr'>liae</span> <span class='ocrx_word' id='word_1_118' title='bbox 1144 796 1237 832; x_wconf 63' lang='lat' dir='ltr'>reffle</span> <span class='ocrx_word' id='word_1_119' title='bbox 1263 797 1306 831; x_wconf 90' lang='lat' dir='ltr'>ab</span> <span class='ocrx_word' id='word_1_120' title='bbox 1329 795 1525 831; x_wconf 86' lang='lat' dir='ltr'>Annalium</span> <span class='ocrx_word' id='word_1_121' title='bbox 1553 795 1808 832; x_wconf 84' lang='lat' dir='ltr'>Ecclefiastico-</span> 
     </span>
     <span class='ocr_line' id='line_1_13' title="bbox 186 845 1809 898; baseline -0.001 -14"><span class='ocrx_word' id='word_1_122' title='bbox 186 863 226 884; x_wconf 76' lang='lat' dir='ltr'>no</span> <span class='ocrx_word' id='word_1_123' title='bbox 245 852 354 897; x_wconf 80' lang='lat' dir='ltr'>Regni</span> <span class='ocrx_word' id='word_1_124' title='bbox 379 851 498 886; x_wconf 83' lang='lat' dir='ltr'>Domni</span> <span class='ocrx_word' id='word_1_125' title='bbox 524 852 640 887; x_wconf 84' lang='lat' dir='ltr'>Karoli</span> <span class='ocrx_word' id='word_1_126' title='bbox 666 851 766 898; x_wconf 84' lang='lat' dir='ltr'>Regis</span> <span class='ocrx_word' id='word_1_127' title='bbox 786 851 818 885; x_wconf 87' lang='lat' dir='ltr'>in</span> <span class='ocrx_word' id='word_1_128' title='bbox 839 853 942 885; x_wconf 87' lang='lat' dir='ltr'>Fran·</span> <span class='ocrx_word' id='word_1_129' title='bbox 1050 860 1126 882; x_wconf 89' lang='lat' dir='ltr'>rum</span> <span class='ocrx_word' id='word_1_130' title='bbox 1144 855 1283 895; x_wconf 85' lang='lat' dir='ltr'>parente</span> <span class='ocrx_word' id='word_1_131' title='bbox 1300 845 1453 881; x_wconf 81' lang='lat' dir='ltr'>Baronio</span> <span class='ocrx_word' id='word_1_132' title='bbox 1469 846 1702 896; x_wconf 83' lang='lat' dir='ltr'>consignatam</span> <span class='ocrx_word' id='word_1_133' title='bbox 1724 846 1809 882; x_wconf 82' lang='lat' dir='ltr'>fuis-</span> 
     </span>
    </p>
   </div>
   <div class='ocr_carea' id='block_1_4' title="bbox 186 896 1809 996">
    <p class='ocr_par' dir='ltr' id='par_1_4' title="bbox 186 896 1809 996">
     <span class='ocr_line' id='line_1_14' title="bbox 186 896 1808 945; baseline -0.002 -11"><span class='ocrx_word' id='word_1_134' title='bbox 186 900 236 934; x_wconf 74' lang='grc' dir='ltr'>οἱα</span> <span class='ocrx_word' id='word_1_135' title='bbox 263 903 300 936; x_wconf 91' lang='lat' dir='ltr'>V.</span> <span class='ocrx_word' id='word_1_136' title='bbox 329 902 362 934; x_wconf 86' lang='lat' dir='ltr'>in</span> <span class='ocrx_word' id='word_1_137' title='bbox 390 902 489 936; x_wconf 83' lang='lat' dir='ltr'>Italia</span> <span class='ocrx_word' id='word_1_138' title='bbox 516 905 560 936; x_wconf 88' lang='lat' dir='ltr'>II.</span> <span class='ocrx_word' id='word_1_139' title='bbox 587 901 710 937; x_wconf 55' lang='lat' dir='ltr'>,Acium</span> <span class='ocrx_word' id='word_1_140' title='bbox 736 901 942 935; x_wconf 77' lang='lat' dir='ltr'>Placentiae.</span> <span class='ocrx_word' id='word_1_141' title='bbox 1051 896 1083 932; x_wconf 92' lang='lat' dir='ltr'>se</span> <span class='ocrx_word' id='word_1_142' title='bbox 1110 900 1218 932; x_wconf 85' lang='lat' dir='ltr'>Anno</span> <span class='ocrx_word' id='word_1_143' title='bbox 1247 898 1549 933; x_wconf 87' lang='lat' dir='ltr'>DCCCLXXIX.</span> <span class='ocrx_word' id='word_1_144' title='bbox 1580 897 1674 945; x_wconf 86' lang='lat' dir='ltr'>quod</span> <span class='ocrx_word' id='word_1_145' title='bbox 1710 910 1808 933; x_wconf 75' lang='lat' dir='ltr'>nem-</span> 
     </span>
     <span class='ocr_line' id='line_1_15' title="bbox 186 947 1809 996; baseline -0.001 -11"><span class='ocrx_word' id='word_1_146' title='bbox 186 950 280 986; x_wconf 76' lang='lat' dir='ltr'>Heio</span> <span class='ocrx_word' id='word_1_147' title='bbox 322 954 446 987; x_wconf 86' lang='lat' dir='ltr'>Annus</span> <span class='ocrx_word' id='word_1_148' title='bbox 494 952 796 988; x_wconf 86' lang='lat' dir='ltr'>DCCCLXXXI.</span> <span class='ocrx_word' id='word_1_149' title='bbox 843 963 941 986; x_wconf 85' lang='lat' dir='ltr'>exor-</span> <span class='ocrx_word' id='word_1_150' title='bbox 1052 961 1092 996; x_wconf 86' lang='lat' dir='ltr'>pe</span> <span class='ocrx_word' id='word_1_151' title='bbox 1133 948 1388 983; x_wconf 71' lang='lat' dir='ltr'>carlomannus</span> <span class='ocrx_word' id='word_1_152' title='bbox 1429 948 1502 995; x_wconf 84' lang='lat' dir='ltr'>ejus</span> <span class='ocrx_word' id='word_1_153' title='bbox 1538 947 1670 992; x_wconf 82' lang='lat' dir='ltr'>frater,</span> <span class='ocrx_word' id='word_1_154' title='bbox 1706 957 1809 984; x_wconf 76' lang='lat' dir='ltr'>antea</span> 
     </span>
    </p>
   </div>
   <div class='ocr_carea' id='block_1_5' title="bbox 189 997 1811 1100">
    <p class='ocr_par' dir='ltr' id='par_1_5' title="bbox 189 997 1811 1100">
     <span class='ocr_line' id='line_1_16' title="bbox 189 997 1806 1050; baseline -0.001 -15"><span class='ocrx_word' id='word_1_155' title='bbox 189 1000 287 1036; x_wconf 83' lang='lat' dir='ltr'>dium</span> <span class='ocrx_word' id='word_1_156' title='bbox 316 1002 409 1050; x_wconf 87' lang='lat' dir='ltr'>cepit</span> <span class='ocrx_word' id='word_1_157' title='bbox 430 1003 448 1037; x_wconf 75' lang='grc' dir='ltr'>ὲ</span> <span class='ocrx_word' id='word_1_158' title='bbox 470 1002 689 1050; x_wconf 80' lang='lat' dir='ltr'>praecedenti</span> <span class='ocrx_word' id='word_1_159' title='bbox 719 1001 842 1038; x_wconf 82' lang='lat' dir='ltr'>Natali</span> <span class='ocrx_word' id='word_1_160' title='bbox 872 1004 942 1036; x_wconf 90' lang='lat' dir='ltr'>Do·</span> <span class='ocrx_word' id='word_1_161' title='bbox 1054 1001 1127 1033; x_wconf 85' lang='lat' dir='ltr'>Rex</span> <span class='ocrx_word' id='word_1_162' title='bbox 1167 998 1290 1034; x_wconf 83' lang='lat' dir='ltr'>ltaliae</span> <span class='ocrx_word' id='word_1_163' title='bbox 1320 997 1552 1042; x_wconf 81' lang='lat' dir='ltr'>constitutus,</span> <span class='ocrx_word' id='word_1_164' title='bbox 1590 1011 1670 1034; x_wconf 90' lang='lat' dir='ltr'>cum</span> <span class='ocrx_word' id='word_1_165' title='bbox 1697 998 1806 1034; x_wconf 78' lang='lat' dir='ltr'>variis</span> 
     </span>
     <span class='ocr_line' id='line_1_17' title="bbox 189 1048 1811 1100; baseline -0.001 -15"><span class='ocrx_word' id='word_1_166' title='bbox 189 1051 306 1094; x_wconf 83' lang='lat' dir='ltr'>mini,</span> <span class='ocrx_word' id='word_1_167' title='bbox 347 1062 451 1100; x_wconf 82' lang='lat' dir='ltr'>atque</span> <span class='ocrx_word' id='word_1_168' title='bbox 487 1053 573 1089; x_wconf 87' lang='lat' dir='ltr'>adeo</span> <span class='ocrx_word' id='word_1_169' title='bbox 613 1053 732 1088; x_wconf 82' lang='lat' dir='ltr'>datum</span> <span class='ocrx_word' id='word_1_170' title='bbox 778 1053 944 1100; x_wconf 83' lang='lat' dir='ltr'>Diploma</span> <span class='ocrx_word' id='word_1_171' title='bbox 1053 1048 1184 1084; x_wconf 81' lang='lat' dir='ltr'>morbis</span> <span class='ocrx_word' id='word_1_172' title='bbox 1205 1048 1476 1093; x_wconf 60' lang='lat' dir='ltr'>colluciaretur,</span> <span class='ocrx_word' id='word_1_173' title='bbox 1504 1059 1609 1096; x_wconf 87' lang='lat' dir='ltr'>atque</span> <span class='ocrx_word' id='word_1_174' title='bbox 1638 1049 1811 1097; x_wconf 85' lang='lat' dir='ltr'>imparem</span> 
     </span>
    </p>
   </div>
   <div class='ocr_carea' id='block_1_6' title="bbox 185 1098 1818 1655">
    <p class='ocr_par' dir='ltr' id='par_1_6' title="bbox 185 1098 1818 1655">
     <span class='ocr_line' id='line_1_18' title="bbox 188 1098 1812 1150; baseline -0.002 -15"><span class='ocrx_word' id='word_1_175' title='bbox 188 1100 256 1135; x_wconf 86' lang='lat' dir='ltr'>fuit</span> <span class='ocrx_word' id='word_1_176' title='bbox 302 1103 411 1136; x_wconf 91' lang='lat' dir='ltr'>Anno</span> <span class='ocrx_word' id='word_1_177' title='bbox 453 1104 589 1150; x_wconf 84' lang='lat' dir='ltr'>vulgari</span> <span class='ocrx_word' id='word_1_178' title='bbox 636 1103 750 1138; x_wconf 87' lang='lat' dir='ltr'>nostro</span> <span class='ocrx_word' id='word_1_179' title='bbox 797 1104 942 1138; x_wconf 86' lang='lat' dir='ltr'>DCCC·</span> <span class='ocrx_word' id='word_1_180' title='bbox 1055 1098 1087 1134; x_wconf 93' lang='lat' dir='ltr'>se</span> <span class='ocrx_word' id='word_1_181' title='bbox 1115 1100 1292 1148; x_wconf 82' lang='lat' dir='ltr'>praeberet</span> <span class='ocrx_word' id='word_1_182' title='bbox 1319 1099 1361 1134; x_wconf 91' lang='lat' dir='ltr'>ad</span> <span class='ocrx_word' id='word_1_183' title='bbox 1390 1100 1518 1147; x_wconf 78' lang='lat' dir='ltr'>Regale</span> <span class='ocrx_word' id='word_1_184' title='bbox 1536 1112 1624 1134; x_wconf 83' lang='lat' dir='ltr'>onus</span> <span class='ocrx_word' id='word_1_185' title='bbox 1645 1101 1737 1134; x_wconf 86' lang='lat' dir='ltr'>ultra</span> <span class='ocrx_word' id='word_1_186' title='bbox 1757 1099 1812 1134; x_wconf 84' lang='lat' dir='ltr'>su-</span> 
     </span>
     <span class='ocr_line' id='line_1_19' title="bbox 185 1148 1814 1201; baseline -0.001 -18"><span class='ocrx_word' id='word_1_187' title='bbox 185 1151 334 1186; x_wconf 88' lang='lat' dir='ltr'>LXXX.</span> <span class='ocrx_word' id='word_1_188' title='bbox 362 1152 528 1185; x_wconf 82' lang='lat' dir='ltr'>Alterum</span> <span class='ocrx_word' id='word_1_189' title='bbox 557 1153 650 1187; x_wconf 90' lang='lat' dir='ltr'>idem</span> <span class='ocrx_word' id='word_1_190' title='bbox 677 1153 846 1201; x_wconf 85' lang='lat' dir='ltr'>Campius</span> <span class='ocrx_word' id='word_1_191' title='bbox 875 1152 944 1198; x_wconf 84' lang='lat' dir='ltr'>ipse</span> <span class='ocrx_word' id='word_1_192' title='bbox 1056 1149 1269 1185; x_wconf 86' lang='lat' dir='ltr'>stinendum.</span> <span class='ocrx_word' id='word_1_193' title='bbox 1306 1152 1352 1183; x_wconf 86' lang='lat' dir='ltr'>Et</span> <span class='ocrx_word' id='word_1_194' title='bbox 1381 1148 1421 1182; x_wconf 90' lang='lat' dir='ltr'>ad</span> <span class='ocrx_word' id='word_1_195' title='bbox 1450 1161 1528 1183; x_wconf 88' lang='lat' dir='ltr'>eum</span> <span class='ocrx_word' id='word_1_196' title='bbox 1565 1148 1707 1195; x_wconf 86' lang='lat' dir='ltr'>quidem</span> <span class='ocrx_word' id='word_1_197' title='bbox 1736 1150 1814 1183; x_wconf 86' lang='lat' dir='ltr'>An-</span> 
     </span>
     <span class='ocr_line' id='line_1_20' title="bbox 189 1197 1813 1249; baseline -0.001 -14"><span class='ocrx_word' id='word_1_198' title='bbox 189 1198 300 1236; x_wconf 81' lang='lat' dir='ltr'>adfert</span> <span class='ocrx_word' id='word_1_199' title='bbox 332 1213 408 1249; x_wconf 85' lang='lat' dir='ltr'>pag.</span> <span class='ocrx_word' id='word_1_200' title='bbox 435 1202 522 1246; x_wconf 77' lang='lat'>465.</span> <span class='ocrx_word' id='word_1_201' title='bbox 560 1205 682 1236; x_wconf 84' lang='lat' dir='ltr'>Datum</span> <span class='ocrx_word' id='word_1_202' title='bbox 711 1206 786 1238; x_wconf 86' lang='lat' dir='ltr'><em>XII.</em></span> <span class='ocrx_word' id='word_1_203' title='bbox 823 1204 943 1238; x_wconf 80' lang='lat' dir='ltr'>Kalen.</span> <span class='ocrx_word' id='word_1_204' title='bbox 986 1214 1017 1248; x_wconf 78' lang='lat' dir='ltr'>C</span> <span class='ocrx_word' id='word_1_205' title='bbox 1057 1213 1140 1235; x_wconf 90' lang='lat' dir='ltr'>num</span> <span class='ocrx_word' id='word_1_206' title='bbox 1177 1199 1479 1234; x_wconf 87' lang='lat' dir='ltr'>DCCCLXXIX.</span> <span class='ocrx_word' id='word_1_207' title='bbox 1515 1198 1552 1233; x_wconf 89' lang='lat' dir='ltr'>in</span> <span class='ocrx_word' id='word_1_208' title='bbox 1590 1197 1673 1233; x_wconf 85' lang='lat' dir='ltr'>haec</span> <span class='ocrx_word' id='word_1_209' title='bbox 1707 1199 1813 1233; x_wconf 74' lang='lat' dir='ltr'>verba</span> 
     </span>
     <span class='ocr_line' id='line_1_21' title="bbox 187 1247 1815 1297; baseline -0.003 -12"><span class='ocrx_word' id='word_1_210' title='bbox 187 1251 245 1285; x_wconf 74' lang='lat' dir='ltr'>das</span> <span class='ocrx_word' id='word_1_211' title='bbox 271 1251 396 1294; x_wconf 80' lang='lat' dir='ltr'>Junii,</span> <span class='ocrx_word' id='word_1_212' title='bbox 432 1254 534 1286; x_wconf 76' lang='lat' dir='ltr'>Anno</span> <span class='ocrx_word' id='word_1_213' title='bbox 560 1253 601 1285; x_wconf 88' lang='lat' dir='ltr'>ab</span> <span class='ocrx_word' id='word_1_214' title='bbox 628 1254 786 1288; x_wconf 77' lang='lat' dir='ltr'>Incarnat.</span> <span class='ocrx_word' id='word_1_215' title='bbox 815 1253 947 1288; x_wconf 84' lang='lat' dir='ltr'>Domini</span> <span class='ocrx_word' id='word_1_216' title='bbox 1056 1251 1249 1297; x_wconf 84' lang='lat' dir='ltr'>loquuntur</span> <span class='ocrx_word' id='word_1_217' title='bbox 1275 1249 1431 1284; x_wconf 78' lang='lat' dir='ltr'>Annales</span> <span class='ocrx_word' id='word_1_218' title='bbox 1459 1247 1679 1284; x_wconf 86' lang='lat' dir='ltr'>Bertiniani:</span> <span class='ocrx_word' id='word_1_219' title='bbox 1709 1253 1815 1284; x_wconf 77' lang='lat' dir='ltr'>Karo-</span> 
     </span>
     <span class='ocr_line' id='line_1_22' title="bbox 188 1299 1817 1348; baseline -0.001 -12"><span class='ocrx_word' id='word_1_220' title='bbox 188 1304 445 1337; x_wconf 82' lang='lat' dir='ltr'><em>DCCCLXXX.</em></span> <span class='ocrx_word' id='word_1_221' title='bbox 491 1302 666 1337; x_wconf 62' lang='lat' dir='ltr'>IndiHIone</span> <span class='ocrx_word' id='word_1_222' title='bbox 711 1305 799 1338; x_wconf 80' lang='lat' dir='ltr'>XIV.</span> <span class='ocrx_word' id='word_1_223' title='bbox 845 1307 946 1337; x_wconf 63' lang='lat' dir='ltr'>⁸Anno</span> <span class='ocrx_word' id='word_1_224' title='bbox 1055 1301 1106 1334; x_wconf 80' lang='lat' dir='ltr'>lus</span> <span class='ocrx_word' id='word_1_225' title='bbox 1132 1299 1291 1334; x_wconf 74' lang='lat' dir='ltr'>Ladovici</span> <span class='ocrx_word' id='word_1_226' title='bbox 1317 1300 1472 1346; x_wconf 79' lang='lat' dir='ltr'>quondam</span> <span class='ocrx_word' id='word_1_227' title='bbox 1499 1300 1688 1334; x_wconf 77' lang='lat' dir='ltr'>Germaniae</span> <span class='ocrx_word' id='word_1_228' title='bbox 1715 1302 1817 1348; x_wconf 62' lang='lat' dir='ltr'>Regix</span> 
     </span>
     <span class='ocr_line' id='line_1_23' title="bbox 191 1350 1818 1400; baseline -0.002 -14"><span class='ocrx_word' id='word_1_229' title='bbox 191 1353 307 1386; x_wconf 82' lang='lat' dir='ltr'>Domni</span> <span class='ocrx_word' id='word_1_230' title='bbox 333 1352 449 1387; x_wconf 85' lang='lat' dir='ltr'>Karoli</span> <span class='ocrx_word' id='word_1_231' title='bbox 481 1353 613 1400; x_wconf 82' lang='lat' dir='ltr'>piiffimi</span> <span class='ocrx_word' id='word_1_232' title='bbox 650 1353 751 1399; x_wconf 80' lang='lat' dir='ltr'>Regis</span> <span class='ocrx_word' id='word_1_233' title='bbox 778 1353 811 1387; x_wconf 89' lang='lat' dir='ltr'>in</span> <span class='ocrx_word' id='word_1_234' title='bbox 840 1355 945 1387; x_wconf 81' lang='lat' dir='ltr'>Fran·</span> <span class='ocrx_word' id='word_1_235' title='bbox 1048 1350 1145 1396; x_wconf 72' lang='lat' dir='ltr'>filins</span> <span class='ocrx_word' id='word_1_236' title='bbox 1181 1351 1214 1384; x_wconf 89' lang='lat' dir='ltr'>in</span> <span class='ocrx_word' id='word_1_237' title='bbox 1251 1350 1472 1397; x_wconf 74' lang='lat' dir='ltr'>Langobardia</span> <span class='ocrx_word' id='word_1_238' title='bbox 1504 1351 1660 1397; x_wconf 79' lang='lat' dir='ltr'>perrexit,</span> <span class='ocrx_word' id='word_1_239' title='bbox 1696 1351 1741 1385; x_wconf 60' lang='grc' dir='ltr'>ἔθ’</span> <span class='ocrx_word' id='word_1_240' title='bbox 1767 1353 1818 1398; x_wconf 79' lang='lat' dir='ltr'>ip.</span> 
     </span>
     <span class='ocr_line' id='line_1_24' title="bbox 187 1400 1818 1449; baseline -0.001 -14"><span class='ocrx_word' id='word_1_241' title='bbox 187 1404 235 1437; x_wconf 73' lang='lat' dir='ltr'>oia</span> <span class='ocrx_word' id='word_1_242' title='bbox 272 1405 308 1438; x_wconf 89' lang='lat' dir='ltr'>V.</span> <span class='ocrx_word' id='word_1_243' title='bbox 337 1403 370 1436; x_wconf 86' lang='lat' dir='ltr'>in</span> <span class='ocrx_word' id='word_1_244' title='bbox 402 1404 500 1438; x_wconf 74' lang='lat' dir='ltr'>Italia</span> <span class='ocrx_word' id='word_1_245' title='bbox 530 1406 573 1439; x_wconf 88' lang='lat' dir='ltr'>II.</span> <span class='ocrx_word' id='word_1_246' title='bbox 610 1406 661 1439; x_wconf 89' lang='lat' dir='ltr'>At</span> <span class='ocrx_word' id='word_1_247' title='bbox 697 1404 775 1439; x_wconf 79' lang='lat' dir='ltr'>heic</span> <span class='ocrx_word' id='word_1_248' title='bbox 812 1403 945 1439; x_wconf 85' lang='lat' dir='ltr'>vitium</span> <span class='ocrx_word' id='word_1_249' title='bbox 1051 1403 1122 1447; x_wconf 83' lang='lat' dir='ltr'>sum</span> <span class='ocrx_word' id='word_1_250' title='bbox 1149 1405 1297 1448; x_wconf 77' lang='lat' dir='ltr'>Regnum</span> <span class='ocrx_word' id='word_1_251' title='bbox 1341 1400 1503 1436; x_wconf 77' lang='lat' dir='ltr'>obtinuit.</span> <span class='ocrx_word' id='word_1_252' title='bbox 1541 1401 1603 1436; x_wconf 90' lang='lat' dir='ltr'>Sed</span> <span class='ocrx_word' id='word_1_253' title='bbox 1643 1402 1712 1449; x_wconf 83' lang='lat' dir='ltr'>jam</span> <span class='ocrx_word' id='word_1_254' title='bbox 1741 1411 1818 1437; x_wconf 80' lang='lat' dir='ltr'>tan-</span> 
     </span>
     <span class='ocr_line' id='line_1_25' title="bbox 188 1451 1817 1500; baseline -0.002 -12"><span class='ocrx_word' id='word_1_255' title='bbox 188 1454 296 1496; x_wconf 84' lang='lat' dir='ltr'>latet‚</span> <span class='ocrx_word' id='word_1_256' title='bbox 324 1467 430 1500; x_wconf 83' lang='lat' dir='ltr'>quum</span> <span class='ocrx_word' id='word_1_257' title='bbox 452 1458 553 1489; x_wconf 67' lang='lat' dir='ltr'>Anno</span> <span class='ocrx_word' id='word_1_258' title='bbox 580 1458 838 1490; x_wconf 86' lang='lat' dir='ltr'>DCCCLXXX.</span> <span class='ocrx_word' id='word_1_259' title='bbox 858 1458 943 1490; x_wconf 82' lang='lat' dir='ltr'>Duo·</span> <span class='ocrx_word' id='word_1_260' title='bbox 1057 1453 1134 1488; x_wconf 89' lang='lat' dir='ltr'>dem</span> <span class='ocrx_word' id='word_1_261' title='bbox 1164 1451 1322 1486; x_wconf 86' lang='lat' dir='ltr'>succedat</span> <span class='ocrx_word' id='word_1_262' title='bbox 1349 1452 1495 1487; x_wconf 88' lang='lat' dir='ltr'>alterum</span> <span class='ocrx_word' id='word_1_263' title='bbox 1526 1451 1677 1499; x_wconf 80' lang='lat' dir='ltr'>ejusdem</span> <span class='ocrx_word' id='word_1_264' title='bbox 1706 1454 1817 1488; x_wconf 85' lang='lat' dir='ltr'>Caro..</span> 
     </span>
     <span class='ocr_line' id='line_1_26' title="bbox 187 1501 1816 1550; baseline 0 -12"><span class='ocrx_word' id='word_1_265' title='bbox 187 1504 300 1538; x_wconf 78' lang='lat' dir='ltr'>decimo</span> <span class='ocrx_word' id='word_1_266' title='bbox 328 1506 494 1539; x_wconf 77' lang='lat' dir='ltr'>Kalendas</span> <span class='ocrx_word' id='word_1_267' title='bbox 520 1506 623 1550; x_wconf 82' lang='lat' dir='ltr'>Junii</span> <span class='ocrx_word' id='word_1_268' title='bbox 649 1510 819 1540; x_wconf 77' lang='lat' dir='ltr'>decurreret</span> <span class='ocrx_word' id='word_1_269' title='bbox 856 1506 943 1540; x_wconf 76' lang='lat' dir='ltr'>Indi.</span> <span class='ocrx_word' id='word_1_270' title='bbox 1058 1503 1085 1539; x_wconf 81' lang='lat' dir='ltr'>li</span> <span class='ocrx_word' id='word_1_271' title='bbox 1113 1501 1223 1538; x_wconf 82' lang='lat' dir='ltr'>Craffi</span> <span class='ocrx_word' id='word_1_272' title='bbox 1252 1502 1442 1550; x_wconf 81' lang='lat' dir='ltr'>Diploma,</span> <span class='ocrx_word' id='word_1_273' title='bbox 1478 1502 1572 1550; x_wconf 89' lang='lat' dir='ltr'>quod</span> <span class='ocrx_word' id='word_1_274' title='bbox 1599 1515 1708 1550; x_wconf 80' lang='lat' dir='ltr'>nuper</span> <span class='ocrx_word' id='word_1_275' title='bbox 1744 1503 1816 1538; x_wconf 83' lang='lat' dir='ltr'>fue-</span> 
     </span>
     <span class='ocr_line' id='line_1_27' title="bbox 188 1553 1817 1604; baseline 0.002 -17"><span class='ocrx_word' id='word_1_276' title='bbox 188 1554 247 1587; x_wconf 65' lang='lat' dir='ltr'>fiio</span> <span class='ocrx_word' id='word_1_277' title='bbox 284 1557 375 1589; x_wconf 83' lang='lat' dir='ltr'><strong><em>XIII.</em></strong></span> <span class='ocrx_word' id='word_1_278' title='bbox 412 1569 482 1590; x_wconf 89' lang='lat' dir='ltr'>non</span> <span class='ocrx_word' id='word_1_279' title='bbox 521 1559 602 1590; x_wconf 75' lang='lat' dir='ltr'>vero</span> <span class='ocrx_word' id='word_1_280' title='bbox 640 1557 727 1589; x_wconf 86' lang='lat' dir='ltr'><em>XIV.</em></span> <span class='ocrx_word' id='word_1_281' title='bbox 767 1559 819 1589; x_wconf 73' lang='lat' dir='ltr'>Ita</span> <span class='ocrx_word' id='word_1_282' title='bbox 857 1554 944 1600; x_wconf 79' lang='lat' dir='ltr'>apud</span> <span class='ocrx_word' id='word_1_283' title='bbox 1028 1566 1132 1604; x_wconf 44' lang='lat' dir='ltr'>&#39;ram</span> <span class='ocrx_word' id='word_1_284' title='bbox 1150 1553 1475 1601; x_wconf 71' lang='lat' dir='ltr'>pollicituS,atque</span> <span class='ocrx_word' id='word_1_285' title='bbox 1491 1562 1737 1602; x_wconf 81' lang='lat' dir='ltr'>argumentum</span> <span class='ocrx_word' id='word_1_286' title='bbox 1755 1567 1817 1590; x_wconf 79' lang='lat' dir='ltr'>no-</span> 
     </span>
     <span class='ocr_line' id='line_1_28' title="bbox 189 1600 1412 1655; baseline 0.001 -17"><span class='ocrx_word' id='word_1_287' title='bbox 189 1604 419 1638; x_wconf 79' lang='lat' dir='ltr'>Puricellium</span> <span class='ocrx_word' id='word_1_288' title='bbox 452 1604 490 1638; x_wconf 88' lang='lat' dir='ltr'>in</span> <span class='ocrx_word' id='word_1_289' title='bbox 518 1606 742 1639; x_wconf 86' lang='lat' dir='ltr'>Monument.</span> <span class='ocrx_word' id='word_1_290' title='bbox 780 1600 975 1655; x_wconf 53' lang='lat' dir='ltr'>Basilicaei</span> <span class='ocrx_word' id='word_1_291' title='bbox 1025 1613 1032 1653; x_wconf 70' lang='grc' dir='ltr'>ι</span> <span class='ocrx_word' id='word_1_292' title='bbox 1061 1603 1163 1639; x_wconf 87' lang='lat' dir='ltr'>strum</span> <span class='ocrx_word' id='word_1_293' title='bbox 1191 1612 1412 1652; x_wconf 80' lang='lat' dir='ltr'>repetamus.</span> 
     </span>
    </p>
   </div>
   <div class='ocr_carea' id='block_1_7' title="bbox 1025 931 1035 1519">
    <p class='ocr_par' dir='ltr' id='par_1_7' title="bbox 1025 931 1035 1519">
     <span class='ocr_line' id='line_1_29' title="bbox 1025 931 1035 1519; baseline 0 0"><span class='ocrx_word' id='word_1_294' title='bbox 1025 931 1035 1519; x_wconf 95' lang='lat' dir='ltr'> </span> 
     </span>
    </p>
   </div>
   <div class='ocr_carea' id='block_1_8' title="bbox 968 1465 974 1597">
    <p class='ocr_par' dir='ltr' id='par_1_8' title="bbox 968 1465 974 1597">
     <span class='ocr_line' id='line_1_30' title="bbox 968 1465 974 1597; baseline 0 1430"><span class='ocrx_word' id='word_1_295' title='bbox 968 1465 974 1597; x_wconf 95' lang='lat' dir='ltr'> </span> 
     </span>
    </p>
   </div>
   <div class='ocr_carea' id='block_1_9' title="bbox 257 1714 1748 1892">
    <p class='ocr_par' dir='ltr' id='par_1_9' title="bbox 257 1714 1748 1892">
     <span class='ocr_line' id='line_1_31' title="bbox 257 1714 1748 1776; baseline 0.003 -18"><span class='ocrx_word' id='word_1_296' title='bbox 257 1714 522 1758; x_wconf 84' lang='lat' dir='ltr'>Confirmatio</span> <span class='ocrx_word' id='word_1_297' title='bbox 553 1717 732 1758; x_wconf 80' lang='lat' dir='ltr'>omnium</span> <span class='ocrx_word' id='word_1_298' title='bbox 766 1718 959 1759; x_wconf 82' lang='lat' dir='ltr'>bonorum</span> <span class='ocrx_word' id='word_1_299' title='bbox 992 1720 1029 1758; x_wconf 81' lang='grc' dir='ltr'>δε</span> <span class='ocrx_word' id='word_1_300' title='bbox 1061 1716 1207 1771; x_wconf 82' lang='lat' dir='ltr'>jurium</span> <span class='ocrx_word' id='word_1_301' title='bbox 1239 1717 1493 1773; x_wconf 62' lang='lat' dir='ltr'>spefflantium</span> <span class='ocrx_word' id='word_1_302' title='bbox 1524 1720 1574 1762; x_wconf 78' lang='lat' dir='ltr'>ad</span> <span class='ocrx_word' id='word_1_303' title='bbox 1607 1719 1748 1776; x_wconf 80' lang='lat' dir='ltr'>Augil-</span> 
     </span>
     <span class='ocr_line' id='line_1_32' title="bbox 459 1776 1557 1832; baseline 0.004 -16"><span class='ocrx_word' id='word_1_304' title='bbox 459 1776 617 1830; x_wconf 77' lang='lat' dir='ltr'>bergam</span> <span class='ocrx_word' id='word_1_305' title='bbox 651 1777 943 1832; x_wconf 82' lang='lat' dir='ltr'>Imperatricem</span> <span class='ocrx_word' id='word_1_306' title='bbox 984 1776 1158 1817; x_wconf 82' lang='lat' dir='ltr'>Viduam</span> <span class='ocrx_word' id='word_1_307' title='bbox 1191 1790 1214 1816; x_wconf 87' lang='lat' dir='ltr'>a</span> <span class='ocrx_word' id='word_1_308' title='bbox 1246 1777 1392 1820; x_wconf 81' lang='lat' dir='ltr'>Carolo</span> <span class='ocrx_word' id='word_1_309' title='bbox 1423 1778 1557 1820; x_wconf 83' lang='lat' dir='ltr'>Craffo</span> 
     </span>
     <span class='ocr_line' id='line_1_33' title="bbox 737 1835 1281 1892; baseline 0.004 -18"><span class='ocrx_word' id='word_1_310' title='bbox 737 1837 999 1892; x_wconf 84' lang='lat' dir='ltr'>Imperatore,</span> <span class='ocrx_word' id='word_1_311' title='bbox 1032 1837 1152 1876; x_wconf 90' lang='lat' dir='ltr'>Anno</span> <span class='ocrx_word' id='word_1_312' title='bbox 1184 1835 1281 1890; x_wconf 89' lang='lat'>887.</span> 
     </span>
    </p>
   </div>
   <div class='ocr_carea' id='block_1_10' title="bbox 191 1949 949 2100">
    <p class='ocr_par' dir='ltr' id='par_1_10' title="bbox 191 1949 949 2100">
     <span class='ocr_line' id='line_1_34' title="bbox 238 1949 949 1986; baseline 0.001 -1"><span class='ocrx_word' id='word_1_313' title='bbox 238 1952 274 1985; x_wconf 94' lang='lat' dir='ltr'><em>N</em></span> <span class='ocrx_word' id='word_1_314' title='bbox 297 1949 419 1984; x_wconf 81' lang='lat' dir='ltr'>nomine</span> <span class='ocrx_word' id='word_1_315' title='bbox 444 1950 580 1986; x_wconf 69' lang='lat' dir='ltr'>sanHae</span> <span class='ocrx_word' id='word_1_316' title='bbox 605 1950 646 1984; x_wconf 55' lang='grc' dir='ltr'>(Ὺ</span> <span class='ocrx_word' id='word_1_317' title='bbox 667 1950 857 1986; x_wconf 77' lang='lat' dir='ltr'>individuae</span> <span class='ocrx_word' id='word_1_318' title='bbox 876 1953 949 1986; x_wconf 69' lang='lat' dir='ltr'>Tri-</span> 
     </span>
     <span class='ocr_line' id='line_1_35' title="bbox 264 2001 948 2045; baseline 0.003 -11"><span class='ocrx_word' id='word_1_319' title='bbox 264 2001 397 2035; x_wconf 80' lang='lat' dir='ltr'>nitatis.</span> <span class='ocrx_word' id='word_1_320' title='bbox 427 2002 568 2036; x_wconf 69' lang='lat' dir='ltr'>Karalus</span> <span class='ocrx_word' id='word_1_321' title='bbox 594 2002 712 2035; x_wconf 60' lang='lat' dir='ltr'>divina</span> <span class='ocrx_word' id='word_1_322' title='bbox 733 2001 866 2045; x_wconf 64' lang='lat' dir='ltr'>favente</span> <span class='ocrx_word' id='word_1_323' title='bbox 889 2004 948 2037; x_wconf 90' lang='lat' dir='ltr'>cle-</span> 
     </span>
     <span class='ocr_line' id='line_1_36' title="bbox 191 2051 945 2100; baseline 0.003 -14"><span class='ocrx_word' id='word_1_324' title='bbox 191 2051 308 2086; x_wconf 69' lang='lat' dir='ltr'>mentia</span> <span class='ocrx_word' id='word_1_325' title='bbox 336 2053 504 2097; x_wconf 82' lang='lat' dir='ltr'>Imperator</span> <span class='ocrx_word' id='word_1_326' title='bbox 529 2052 714 2098; x_wconf 70' lang='lat' dir='ltr'>Augustus.</span> <span class='ocrx_word' id='word_1_327' title='bbox 741 2057 867 2100; x_wconf 80' lang='lat' dir='ltr'>Oportet</span> <span class='ocrx_word' id='word_1_328' title='bbox 886 2056 945 2088; x_wconf 78' lang='lat' dir='ltr'>Im-</span> 
     </span>
    </p>
   </div>
   <div class='ocr_carea' id='block_1_11' title="bbox 189 1950 1823 2348">
    <p class='ocr_par' dir='ltr' id='par_1_11' title="bbox 189 1950 1823 2348">
     <span class='ocr_line' id='line_1_37' title="bbox 992 1950 1821 2000; baseline 0 -14"><span class='ocrx_word' id='word_1_329' title='bbox 992 1953 1024 1986; x_wconf 85' lang='lat' dir='ltr'>D</span> <span class='ocrx_word' id='word_1_330' title='bbox 1034 1962 1039 1996; x_wconf 65' lang='grc' dir='ltr'><em>ι</em></span> <span class='ocrx_word' id='word_1_331' title='bbox 1061 1963 1140 1986; x_wconf 89' lang='lat' dir='ltr'>cum</span> <span class='ocrx_word' id='word_1_332' title='bbox 1176 1952 1221 1986; x_wconf 82' lang='lat' dir='ltr'>ad</span> <span class='ocrx_word' id='word_1_333' title='bbox 1254 1950 1387 1994; x_wconf 77' lang='lat' dir='ltr'>nostram</span> <span class='ocrx_word' id='word_1_334' title='bbox 1421 1951 1578 1998; x_wconf 78' lang='lat' dir='ltr'>direxiffet</span> <span class='ocrx_word' id='word_1_335' title='bbox 1617 1953 1821 2000; x_wconf 76' lang='lat' dir='ltr'>perspicuita-</span> 
     </span>
     <span class='ocr_line' id='line_1_38' title="bbox 1033 2001 1818 2050; baseline 0.005 -16"><span class='ocrx_word' id='word_1_336' title='bbox 1033 2001 1119 2035; x_wconf 76' lang='lat' dir='ltr'>¹tem</span> <span class='ocrx_word' id='word_1_337' title='bbox 1140 2028 1151 2045; x_wconf 90' lang='lat'>‚</span> <span class='ocrx_word' id='word_1_338' title='bbox 1192 2003 1236 2035; x_wconf 59' lang='grc' dir='ltr'>(Ὺ</span> <span class='ocrx_word' id='word_1_339' title='bbox 1271 2013 1328 2048; x_wconf 86' lang='lat' dir='ltr'>per</span> <span class='ocrx_word' id='word_1_340' title='bbox 1363 2016 1431 2036; x_wconf 85' lang='lat' dir='ltr'>eum</span> <span class='ocrx_word' id='word_1_341' title='bbox 1467 2004 1554 2037; x_wconf 83' lang='lat' dir='ltr'>nobis</span> <span class='ocrx_word' id='word_1_342' title='bbox 1581 2003 1818 2050; x_wconf 77' lang='lat' dir='ltr'>significasset,</span> 
     </span>
     <span class='ocr_line' id='line_1_39' title="bbox 1059 2052 1820 2099; baseline 0.003 -14"><span class='ocrx_word' id='word_1_343' title='bbox 1059 2052 1141 2099; x_wconf 80' lang='lat' dir='ltr'>quod</span> <span class='ocrx_word' id='word_1_344' title='bbox 1166 2052 1296 2098; x_wconf 84' lang='lat' dir='ltr'>quidam</span> <span class='ocrx_word' id='word_1_345' title='bbox 1322 2053 1459 2087; x_wconf 80' lang='lat' dir='ltr'>homines</span> <span class='ocrx_word' id='word_1_346' title='bbox 1486 2053 1539 2087; x_wconf 84' lang='lat' dir='ltr'>illi</span> <span class='ocrx_word' id='word_1_347' title='bbox 1564 2055 1665 2089; x_wconf 85' lang='lat' dir='ltr'>adhuc</span> <span class='ocrx_word' id='word_1_348' title='bbox 1699 2065 1820 2090; x_wconf 83' lang='lat' dir='ltr'>contra-</span> 
     </span>
     <span class='ocr_line' id='line_1_40' title="bbox 189 2102 1821 2152; baseline 0.003 -17"><span class='ocrx_word' id='word_1_349' title='bbox 189 2102 338 2149; x_wconf 83' lang='lat' dir='ltr'>perialem</span> <span class='ocrx_word' id='word_1_350' title='bbox 364 2102 554 2148; x_wconf 76' lang='lat' dir='ltr'>dignitatem</span> <span class='ocrx_word' id='word_1_351' title='bbox 581 2116 684 2137; x_wconf 79' lang='lat' dir='ltr'>curam</span> <span class='ocrx_word' id='word_1_352' title='bbox 710 2104 845 2137; x_wconf 64' lang='lat' dir='ltr'>omnium</span> <span class='ocrx_word' id='word_1_353' title='bbox 860 2118 947 2151; x_wconf 84' lang='lat' dir='ltr'>gere·</span> <span class='ocrx_word' id='word_1_354' title='bbox 1060 2103 1195 2137; x_wconf 75' lang='lat' dir='ltr'>dicerent</span> <span class='ocrx_word' id='word_1_355' title='bbox 1218 2112 1340 2149; x_wconf 85' lang='lat' dir='ltr'>partem</span> <span class='ocrx_word' id='word_1_356' title='bbox 1367 2117 1404 2137; x_wconf 86' lang='lat' dir='ltr'>ex</span> <span class='ocrx_word' id='word_1_357' title='bbox 1439 2105 1526 2137; x_wconf 82' lang='lat' dir='ltr'>rebus</span> <span class='ocrx_word' id='word_1_358' title='bbox 1555 2103 1625 2148; x_wconf 86' lang='lat' dir='ltr'>suis</span> <span class='ocrx_word' id='word_1_359' title='bbox 1642 2131 1653 2147; x_wconf 86' lang='lat'>,</span> <span class='ocrx_word' id='word_1_360' title='bbox 1689 2118 1767 2152; x_wconf 79' lang='lat' dir='ltr'>quas·</span> <span class='ocrx_word' id='word_1_361' title='bbox 1799 2120 1821 2140; x_wconf 83' lang='lat' dir='ltr'>a</span> 
     </span>
     <span class='ocr_line' id='line_1_41' title="bbox 193 2152 1823 2203; baseline 0.002 -17"><span class='ocrx_word' id='word_1_362' title='bbox 193 2165 223 2186; x_wconf 90' lang='lat' dir='ltr'>re</span> <span class='ocrx_word' id='word_1_363' title='bbox 254 2152 481 2196; x_wconf 72' lang='lat' dir='ltr'>subieHorum,</span> <span class='ocrx_word' id='word_1_364' title='bbox 518 2154 651 2188; x_wconf 82' lang='lat' dir='ltr'>maxime</span> <span class='ocrx_word' id='word_1_365' title='bbox 677 2157 750 2188; x_wconf 68' lang='lat' dir='ltr'>verb</span> <span class='ocrx_word' id='word_1_366' title='bbox 778 2155 948 2199; x_wconf 61' lang='lat' dir='ltr'>secundam</span> <span class='ocrx_word' id='word_1_367' title='bbox 1057 2153 1114 2198; x_wconf 79' lang='lat' dir='ltr'>suo</span> <span class='ocrx_word' id='word_1_368' title='bbox 1150 2155 1293 2188; x_wconf 89' lang='lat' dir='ltr'>Domno</span> <span class='ocrx_word' id='word_1_369' title='bbox 1323 2154 1357 2188; x_wconf 79' lang='grc'>8(</span> <span class='ocrx_word' id='word_1_370' title='bbox 1385 2154 1546 2203; x_wconf 78' lang='lat' dir='ltr'>Conjuge</span> <span class='ocrx_word' id='word_1_371' title='bbox 1580 2155 1679 2189; x_wconf 82' lang='lat' dir='ltr'>divae</span> <span class='ocrx_word' id='word_1_372' title='bbox 1713 2169 1823 2190; x_wconf 82' lang='lat' dir='ltr'>memo-</span> 
     </span>
     <span class='ocr_line' id='line_1_42' title="bbox 191 2153 1823 2348; baseline -0.001 -110"><span class='ocrx_word' id='word_1_373' title='bbox 191 2203 399 2248; x_wconf 65' lang='lat' dir='ltr'>«fspostolum‚</span> <span class='ocrx_word' id='word_1_374' title='bbox 435 2205 660 2246; x_wconf 73' lang='lat' dir='ltr'>domesticorum</span> <span class='ocrx_word' id='word_1_375' title='bbox 695 2218 788 2251; x_wconf 75' lang='lat' dir='ltr'>atque</span> <span class='ocrx_word' id='word_1_376' title='bbox 820 2207 947 2251; x_wconf 83' lang='lat' dir='ltr'>propin.</span> <span class='ocrx_word' id='word_1_377' title='bbox 1033 2153 1038 2348; x_wconf 59' lang='grc' dir='ltr'><strong>ι</strong></span> <span class='ocrx_word' id='word_1_378' title='bbox 1064 2204 1129 2238; x_wconf 76' lang='lat' dir='ltr'>riae</span> <span class='ocrx_word' id='word_1_379' title='bbox 1148 2203 1367 2239; x_wconf 82' lang='lat' dir='ltr'>Hludowico</span> <span class='ocrx_word' id='word_1_380' title='bbox 1387 2203 1610 2240; x_wconf 82' lang='lat' dir='ltr'>Consobrino</span> <span class='ocrx_word' id='word_1_381' title='bbox 1630 2205 1744 2240; x_wconf 89' lang='lat' dir='ltr'>nostro</span> <span class='ocrx_word' id='word_1_382' title='bbox 1763 2208 1823 2240; x_wconf 82' lang='lat' dir='ltr'>ad-</span> 
     </span>
    </p>
   </div>
   <div class='ocr_carea' id='block_1_12' title="bbox 973 1951 979 2110">
    <p class='ocr_par' dir='ltr' id='par_1_12' title="bbox 973 1951 979 2110">
     <span class='ocr_line' id='line_1_43' title="bbox 973 1951 979 2110; baseline 0 917"><span class='ocrx_word' id='word_1_383' title='bbox 973 1951 979 2110; x_wconf 95' lang='lat' dir='ltr'> </span> 
     </span>
    </p>
   </div>
   <div class='ocr_carea' id='block_1_13' title="bbox 1033 2030 1037 2142">
    <p class='ocr_par' dir='ltr' id='par_1_13' title="bbox 1033 2030 1037 2142">
     <span class='ocr_line' id='line_1_44' title="bbox 1033 2030 1037 2142; baseline 0 885"><span class='ocrx_word' id='word_1_384' title='bbox 1033 2030 1037 2142; x_wconf 95' lang='lat' dir='ltr'> </span> 
     </span>
    </p>
   </div>
   <div class='ocr_carea' id='block_1_14' title="bbox 189 2253 1823 2558">
    <p class='ocr_par' dir='ltr' id='par_1_14' title="bbox 189 2253 1823 2558">
     <span class='ocr_line' id='line_1_45' title="bbox 193 2253 1822 2301; baseline 0 -14"><span class='ocrx_word' id='word_1_385' title='bbox 193 2266 337 2300; x_wconf 77' lang='lat' dir='ltr'>quorum.</span> <span class='ocrx_word' id='word_1_386' title='bbox 367 2254 480 2288; x_wconf 82' lang='lat' dir='ltr'>Idcirco</span> <span class='ocrx_word' id='word_1_387' title='bbox 505 2254 678 2290; x_wconf 65' lang='lat' dir='ltr'>cunHorum</span> <span class='ocrx_word' id='word_1_388' title='bbox 696 2255 845 2300; x_wconf 85' lang='lat' dir='ltr'>fidelium</span> <span class='ocrx_word' id='word_1_389' title='bbox 865 2260 946 2291; x_wconf 76' lang='lat' dir='ltr'>San-</span> <span class='ocrx_word' id='word_1_390' title='bbox 1064 2253 1218 2301; x_wconf 73' lang='lat' dir='ltr'>quisi-vit,</span> <span class='ocrx_word' id='word_1_391' title='bbox 1256 2268 1308 2288; x_wconf 83' lang='lat' dir='ltr'>nec</span> <span class='ocrx_word' id='word_1_392' title='bbox 1344 2268 1403 2289; x_wconf 85' lang='lat' dir='ltr'>non</span> <span class='ocrx_word' id='word_1_393' title='bbox 1431 2257 1474 2288; x_wconf 70' lang='lat'>(9⁶</span> <span class='ocrx_word' id='word_1_394' title='bbox 1499 2269 1520 2290; x_wconf 83' lang='lat' dir='ltr'>a</span> <span class='ocrx_word' id='word_1_395' title='bbox 1555 2255 1720 2299; x_wconf 81' lang='lat' dir='ltr'>Genitore,</span> <span class='ocrx_word' id='word_1_396' title='bbox 1756 2259 1822 2291; x_wconf 80' lang='lat' dir='ltr'>Pa.</span> 
     </span>
     <span class='ocr_line' id='line_1_46' title="bbox 195 2304 1823 2354; baseline 0 -16"><span class='ocrx_word' id='word_1_397' title='bbox 195 2304 262 2339; x_wconf 65' lang='lat' dir='ltr'>Hae</span> <span class='ocrx_word' id='word_1_398' title='bbox 303 2304 365 2338; x_wconf 82' lang='lat' dir='ltr'>Dei</span> <span class='ocrx_word' id='word_1_399' title='bbox 400 2305 553 2345; x_wconf 83' lang='lat' dir='ltr'>Ecclesiae</span> <span class='ocrx_word' id='word_1_400' title='bbox 573 2333 582 2350; x_wconf 91' lang='lat'>‚</span> <span class='ocrx_word' id='word_1_401' title='bbox 624 2308 848 2354; x_wconf 79' lang='lat' dir='ltr'>nostrorumque</span> <span class='ocrx_word' id='word_1_402' title='bbox 883 2319 948 2342; x_wconf 83' lang='lat' dir='ltr'>tam</span> <span class='ocrx_word' id='word_1_403' title='bbox 1064 2316 1132 2338; x_wconf 79' lang='lat' dir='ltr'>truo</span> <span class='ocrx_word' id='word_1_404' title='bbox 1150 2317 1287 2351; x_wconf 79' lang='lat' dir='ltr'>quoque,</span> <span class='ocrx_word' id='word_1_405' title='bbox 1308 2306 1351 2339; x_wconf 57' lang='grc' dir='ltr'>(Ὺ</span> <span class='ocrx_word' id='word_1_406' title='bbox 1369 2319 1389 2339; x_wconf 87' lang='lat' dir='ltr'>a</span> <span class='ocrx_word' id='word_1_407' title='bbox 1415 2318 1580 2354; x_wconf 83' lang='lat' dir='ltr'>germano</span> <span class='ocrx_word' id='word_1_408' title='bbox 1601 2305 1713 2341; x_wconf 88' lang='lat' dir='ltr'>nostro</span> <span class='ocrx_word' id='word_1_409' title='bbox 1732 2307 1823 2341; x_wconf 85' lang='lat' dir='ltr'>Kar-</span> 
     </span>
     <span class='ocr_line' id='line_1_47' title="bbox 189 2355 1822 2410; baseline 0.001 -22"><span class='ocrx_word' id='word_1_410' title='bbox 189 2355 423 2402; x_wconf 80' lang='lat' dir='ltr'>praesentt&#39;um,</span> <span class='ocrx_word' id='word_1_411' title='bbox 459 2367 550 2401; x_wconf 84' lang='lat' dir='ltr'>quam</span> <span class='ocrx_word' id='word_1_412' title='bbox 578 2358 620 2391; x_wconf 68' lang='lat'>(9&#39;</span> <span class='ocrx_word' id='word_1_413' title='bbox 641 2358 819 2401; x_wconf 72' lang='lat' dir='ltr'>futurorum</span> <span class='ocrx_word' id='word_1_414' title='bbox 855 2371 947 2392; x_wconf 82' lang='lat' dir='ltr'>nove·</span> <span class='ocrx_word' id='word_1_415' title='bbox 995 2376 1023 2410; x_wconf 74' lang='lat' dir='ltr'><strong>E</strong></span> <span class='ocrx_word' id='word_1_416' title='bbox 1064 2356 1231 2391; x_wconf 82' lang='lat' dir='ltr'>lomanno</span> <span class='ocrx_word' id='word_1_417' title='bbox 1254 2355 1464 2402; x_wconf 74' lang='lat' dir='ltr'>gloriosiffimo</span> <span class='ocrx_word' id='word_1_418' title='bbox 1501 2357 1616 2403; x_wconf 84' lang='lat' dir='ltr'>Rege,</span> <span class='ocrx_word' id='word_1_419' title='bbox 1653 2357 1697 2390; x_wconf 71' lang='lat'>(9&#39;</span> <span class='ocrx_word' id='word_1_420' title='bbox 1721 2370 1742 2391; x_wconf 84' lang='lat' dir='ltr'>a</span> <span class='ocrx_word' id='word_1_421' title='bbox 1769 2370 1822 2391; x_wconf 82' lang='lat' dir='ltr'>nc-</span> 
     </span>
     <span class='ocr_line' id='line_1_48' title="bbox 194 2404 1822 2454; baseline 0.001 -15"><span class='ocrx_word' id='word_1_422' title='bbox 194 2407 236 2439; x_wconf 83' lang='lat' dir='ltr'>rit</span> <span class='ocrx_word' id='word_1_423' title='bbox 256 2406 407 2450; x_wconf 71' lang='lat' dir='ltr'>solertia,</span> <span class='ocrx_word' id='word_1_424' title='bbox 435 2407 510 2451; x_wconf 85' lang='lat' dir='ltr'>quia</span> <span class='ocrx_word' id='word_1_425' title='bbox 534 2421 600 2441; x_wconf 85' lang='lat' dir='ltr'>cum</span> <span class='ocrx_word' id='word_1_426' title='bbox 619 2409 817 2454; x_wconf 70' lang='lat' dir='ltr'>dileHffma</span> <span class='ocrx_word' id='word_1_427' title='bbox 844 2409 886 2442; x_wconf 71' lang='lat'>(9⁶</span> <span class='ocrx_word' id='word_1_428' title='bbox 913 2424 947 2443; x_wconf 81' lang='lat' dir='ltr'>a·</span> <span class='ocrx_word' id='word_1_429' title='bbox 1064 2407 1113 2442; x_wconf 88' lang='lat' dir='ltr'>bis</span> <span class='ocrx_word' id='word_1_430' title='bbox 1153 2407 1205 2440; x_wconf 87' lang='lat' dir='ltr'>illi</span> <span class='ocrx_word' id='word_1_431' title='bbox 1245 2404 1374 2451; x_wconf 77' lang='lat' dir='ltr'>conceffa</span> <span class='ocrx_word' id='word_1_432' title='bbox 1410 2406 1453 2440; x_wconf 71' lang='lat'>(9⁶</span> <span class='ocrx_word' id='word_1_433' title='bbox 1488 2406 1671 2451; x_wconf 80' lang='lat' dir='ltr'>confirmata</span> <span class='ocrx_word' id='word_1_434' title='bbox 1705 2407 1785 2452; x_wconf 81' lang='lat' dir='ltr'>sunt</span> <span class='ocrx_word' id='word_1_435' title='bbox 1810 2434 1822 2452; x_wconf 86' lang='lat'><em>‚</em></span> 
     </span>
     <span class='ocr_line' id='line_1_49' title="bbox 195 2456 1823 2508; baseline 0.001 -18"><span class='ocrx_word' id='word_1_436' title='bbox 195 2456 384 2501; x_wconf 83' lang='lat' dir='ltr'>mantiffima</span> <span class='ocrx_word' id='word_1_437' title='bbox 427 2458 530 2492; x_wconf 80' lang='lat' dir='ltr'>Soror</span> <span class='ocrx_word' id='word_1_438' title='bbox 574 2458 683 2494; x_wconf 85' lang='lat' dir='ltr'>nostra</span> <span class='ocrx_word' id='word_1_439' title='bbox 729 2459 948 2508; x_wconf 77' lang='lat' dir='ltr'>Angilberga</span> <span class='ocrx_word' id='word_1_440' title='bbox 1066 2458 1109 2491; x_wconf 56' lang='grc' dir='ltr'><em>Θ</em></span> <span class='ocrx_word' id='word_1_441' title='bbox 1139 2458 1235 2492; x_wconf 69' lang='lat' dir='ltr'>etiam</span> <span class='ocrx_word' id='word_1_442' title='bbox 1264 2471 1300 2491; x_wconf 86' lang='lat' dir='ltr'>ex</span> <span class='ocrx_word' id='word_1_443' title='bbox 1326 2457 1401 2499; x_wconf 76' lang='lat' dir='ltr'>his,</span> <span class='ocrx_word' id='word_1_444' title='bbox 1430 2470 1510 2504; x_wconf 82' lang='lat' dir='ltr'>quae</span> <span class='ocrx_word' id='word_1_445' title='bbox 1532 2468 1590 2504; x_wconf 80' lang='lat' dir='ltr'>per</span> <span class='ocrx_word' id='word_1_446' title='bbox 1617 2457 1823 2500; x_wconf 81' lang='lat' dir='ltr'>instrumenta</span> 
     </span>
     <span class='ocr_line' id='line_1_50' title="bbox 195 2506 1823 2558; baseline -0.001 -14"><span class='ocrx_word' id='word_1_447' title='bbox 195 2506 404 2555; x_wconf 68' lang='lat' dir='ltr'>Imperatrix</span> <span class='ocrx_word' id='word_1_448' title='bbox 432 2507 606 2553; x_wconf 81' lang='lat' dir='ltr'>quondam</span> <span class='ocrx_word' id='word_1_449' title='bbox 628 2510 803 2558; x_wconf 84' lang='lat' dir='ltr'>Augusta,</span> <span class='ocrx_word' id='word_1_450' title='bbox 831 2510 947 2545; x_wconf 72' lang='lat' dir='ltr'>Gisul-</span> <span class='ocrx_word' id='word_1_451' title='bbox 1065 2511 1235 2543; x_wconf 80' lang='lat' dir='ltr'>Cartarum</span> <span class='ocrx_word' id='word_1_452' title='bbox 1275 2507 1467 2554; x_wconf 77' lang='lat' dir='ltr'>adquisierat</span> <span class='ocrx_word' id='word_1_453' title='bbox 1487 2534 1495 2542; x_wconf 94' lang='lat'>.</span> <span class='ocrx_word' id='word_1_454' title='bbox 1536 2510 1665 2554; x_wconf 82' lang='lat' dir='ltr'>Ideoque</span> <span class='ocrx_word' id='word_1_455' title='bbox 1706 2509 1823 2551; x_wconf 86' lang='lat' dir='ltr'>nostrae</span> 
     </span>
    </p>
   </div>
   <div class='ocr_carea' id='block_1_15' title="bbox 193 2557 1823 2643">
    <p class='ocr_par' dir='ltr' id='par_1_15' title="bbox 193 2557 1823 2643">
     <span class='ocr_line' id='line_1_51' title="bbox 193 2557 1823 2643; baseline 0.008 -50"><span class='ocrx_word' id='word_1_456' title='bbox 193 2557 265 2594; x_wconf 79' lang='lat' dir='ltr'>sum</span> <span class='ocrx_word' id='word_1_457' title='bbox 303 2558 513 2642; x_wconf 69' lang='lat' dir='ltr'>veneraIinlem</span> <span class='ocrx_word' id='word_1_458' title='bbox 549 2559 724 2596; x_wconf 82' lang='lat' dir='ltr'>Abbatem</span> <span class='ocrx_word' id='word_1_459' title='bbox 760 2562 795 2595; x_wconf 74' lang='lat'>8&lt;</span> <span class='ocrx_word' id='word_1_460' title='bbox 830 2561 948 2597; x_wconf 83' lang='lat' dir='ltr'>Medi·</span> <span class='ocrx_word' id='word_1_461' title='bbox 1067 2559 1248 2643; x_wconf 55' lang='lat' dir='ltr'>complagit</span> <span class='ocrx_word' id='word_1_462' title='bbox 1283 2558 1498 2605; x_wconf 71' lang='lat' dir='ltr'>benignitati,</span> <span class='ocrx_word' id='word_1_463' title='bbox 1532 2558 1701 2603; x_wconf 61' lang='lat' dir='ltr'>ses¹md3¹m</span> <span class='ocrx_word' id='word_1_464' title='bbox 1724 2559 1823 2642; x_wconf 52' lang='lat' dir='ltr'>‘lium</span> 
     </span>
     <span class='ocr_line' id='line_1_52' title="bbox 296 2609 1773 2643; baseline -0.001 0"><span class='ocrx_word' id='word_1_465' title='bbox 296 2612 383 2643; x_wconf 70' lang='lat' dir='ltr'>Tem.</span> <span class='ocrx_word' id='word_1_466' title='bbox 447 2634 455 2642; x_wconf 91' lang='lat'>.</span> <span class='ocrx_word' id='word_1_467' title='bbox 1719 2609 1773 2643; x_wconf 75' lang='lat' dir='ltr'>ii</span> 
     </span>
    </p>
   </div>
   <div class='ocr_carea' id='block_1_16' title="bbox 1035 2351 1042 2588">
    <p class='ocr_par' dir='ltr' id='par_1_16' title="bbox 1035 2351 1042 2588">
     <span class='ocr_line' id='line_1_53' title="bbox 1035 2351 1042 2588; baseline 0 439"><span class='ocrx_word' id='word_1_468' title='bbox 1035 2351 1042 2588; x_wconf 95' lang='lat' dir='ltr'> </span> 
     </span>
    </p>
   </div>
  </div>
 </body>
</html>
