2185 3027
430 206 514 270 2175
673 204 1123 279 'ANTNJQsz
1183 207 1419 276 Μξυιι
1476 207 1658 252 AEVJ
1853 210 1936 261 176

373 264 460 298 „olm
496 277 558 299 rem
582 264 678 309 vestm
704 270 920 314 Monastm„
951 272 1008 316 seu
1045 270 1133 316 filiis
1168 270 1202 304 A
1233 269 1294 304 ἀι.
1337 271 1378 304 In
1419 268 1642 316 Antiquitat.
1682 263 1809 303 Estens.
1854 267 1930 300 Par.
1967 264 1995 299 1.

375 314 606 372 &mepotibus
632 318 762 363 nostris,
789 321 844 354 vel
879 322 997 356 duobus
1018 321 1131 366 succes-

367 365 492 409 soribus
518 367 645 413 nostris,
673 370 728 416 qui
751 371 817 416 post
844 371 976 413 nostrum
995 372 1133 406 hobitum

372 415 510 451 habeant
536 431 597 452 rem
615 446 624 462 ‚
661 433 718 466 que
743 421 792 455 hic
830 422 962 465 inferius
996 422 1132 468 legitur.

372 468 440 501 Hoc
466 467 508 509 est
533 478 630 503 totam
657 472 700 504 (9⁶
726 471 880 518 integram
901 472 985 516 ipsas
1010 485 1055 506 res
1075 473 1127 506 im-

371 517 524 562 mobiles,
560 532 637 566 quas
660 532 717 567 per
742 522 848 555 libelli
875 521 1013 557 atfi<9tus
1039 523 1129 569 pagi-

370 579 444 601 nam
471 568 635 604 babuimus
660 571 759 613 vestro
780 571 884 617 jure:
923 586 979 619 que
999 572 1068 616 suit
1093 574 1132 608 de

369 618 473 652 Paulo
498 621 691 655 Martinello
718 622 751 656 in
774 622 896 666 flando,
934 624 989 669 qui
1014 623 1132 658 dicitur

368 668 516 715 Corigius
555 673 694 706 Maurus
715 699 725 716 ‚
769 673 812 706 (9‘
852 673 886 707 in
927 673 1129 719 Casaliculo‚

368 730 435 752 cum
462 719 575 764 terris,
611 723 738 762 vineis,
775 722 954 767 casalibus,
991 724 1128 771 campis,

368 768 413 801 (θ’
439 783 506 803 cum
533 772 675 806 omnibus
706 772 873 818 prescrip‘te
900 787 947 807 res
969 775 1129 820 pertinen-

367 818 472 854 tibus.
499 822 560 855 Aa
585 822 782 866 habendum,
810 825 1004 868 tenendum,
1037 826 1125 872 poffi·

367 869 526 912 dendum,
553 870 779 917 laborandum,
806 873 1051 919 defensandum,
1068 890 1126 910 me·

366 918 572 963 horandum,
609 935 645 954 ex
681 923 790 963 nostris
820 925 958 970 propriis
992 926 1129 972 expensis

360 966 418 1011 seu
434 969 614 1014 laboribus,
631 973 729 1006 nichil
747 974 840 1007 aliud
855 985 912 1020 pro
932 975 1020 1010 Fixa
1041 978 1126 1011 Pen-

366 1016 460 1053 fione
488 1020 568 1054 alico
594 1024 682 1056 modo
708 1034 902 1069 reputemus,
932 1025 989 1070 seu
1015 1036 1051 1060 ut
1079 1026 1126 1060 in-

362 1068 504 1111 feramus
531 1083 598 1104 cum
625 1073 734 1113 nostris
761 1073 852 1117 filiis
888 1075 932 1108 (9¹
967 1077 1129 1122 nepotibus

365 1118 421 1151 vel
445 1120 564 1153 duobus
584 1121 800 1166 succefforibtzs
826 1124 887 1158 tibi
902 1126 1042 1171 predifle
1060 1140 1126 1160 con·

365 1168 510 1203 oeditrici
534 1172 717 1206 annualiter
756 1173 840 1206 omni
874 1175 974 1218 mense
1008 1176 1131 1211 Marcii

363 1218 521 1265 pensionis
561 1222 683 1255 nomine
719 1223 859 1257 Denario
893 1224 994 1266 vestro
1036 1236 1098 1260 tres
1111 1230 1152 1268 ‚·'

367 1278 496 1303 tantum
522 1270 581 1312 ista
603 1271 779 1318 pensionem
803 1274 1035 1319 persolvamus.
1058 1275 1130 1317 Post

365 1319 449 1352 diem
469 1330 571 1354 autem
592 1321 746 1367 nostrum,
774 1324 967 1371 nostramque
985 1325 1129 1369 filiorum

367 1368 412 1401 (9‘
447 1379 616 1416 nepotum,
651 1373 706 1406 vel
740 1375 872 1408 duorum
901 1373 1099 1420 succeffbrum
1120 1403 1129 1418 ‚

359 1417 444 1459 ficut
464 1420 563 1467 supra
589 1422 731 1468 legitur,
761 1423 861 1470 supra
890 1424 1043 1470 scriptam
1069 1438 1131 1459 rem

364 1479 544 1504 revertatur
571 1472 603 1505 in
627 1471 701 1516 jure
733 1474 873 1519 predifs’e
908 1474 1042 1515 Ecclefie
1076 1489 1129 1509 ve-

361 1519 445 1562 stre.
482 1522 700 1557 Promittimus
730 1534 789 1570 pro
816 1524 904 1559 nobis
924 1525 966 1558 (9⁶
992 1527 1013 1558 ὰ
1038 1524 1133 1559 diflis

366 1570 500 1616 petitore
525 1585 591 1606 cum
627 1573 737 1615 nostris
768 1573 858 1618 filiis
894 1575 936 1609 Θ·
973 1575 1133 1621 nepotibus

366 1621 423 1654 vel
449 1622 568 1656 duobus
588 1622 803 1669 succefforibus
839 1625 920 1659 banc
952 1625 1132 1672 peticionem

367 1669 604 1707 inviolabiliter
643 1675 743 1708 modis
779 1675 921 1709 omnibus
956 1676 1133 1718 conservare

367 1721 412 1754 (9·
438 1723 609 1769 adimplere
627 1724 689 1758 tihi
708 1725 897 1771 supradic'la
915 1725 1131 1767 concedhrice,

360 1770 424 1816 sub
456 1782 535 1818 pene
572 1775 694 1808 nomine
729 1776 803 1809 auri
837 1775 930 1809 uncia
963 1785 1049 1810 tres.
1086 1778 1133 1809 Et

360 1821 470 1866 soluta
493 1833 577 1869 pena
597 1824 659 1866 stet
686 1825 719 1858 in
741 1825 804 1868 sua
821 1824 1001 1869 firmitate.
1027 1829 1133 1870 ‚Quam

360 1871 496 1917 scribere
526 1875 707 1921 rogavimus
731 1879 856 1910 Bonum
886 1875 1029 1909 Vicinum
1056 1878 1132 1910 Fer-

365 1922 535 1967 rariensem
563 1926 781 1960 Tabellionem
799 1953 809 1969 ,
837 1926 881 1959 (Ὺ
907 1926 1052 1960 manibus
1080 1939 1131 1959 no·

362 1972 442 2014 stris
460 1973 690 2019 firmaw‘mus,
719 1975 864 2021 testesque
883 1975 1016 2019 firmare
1043 1988 1132 2021 roga-

369 2023 477 2056 vimus
494 2051 502 2066 ‚
524 2025 586 2068 sub
611 2025 665 2059 die
691 2026 734 2059 &⁴
759 2025 859 2070 mense
895 2026 937 2059 &⁶
973 2026 1134 2061 Indicione

362 2073 579 2121 suprascripta
593 2101 603 2110 .

418 2124 524 2169 Signa
558 2139 685 2161 manum
724 2125 934 2174 prediflorum
966 2126 1135 2173 petitorum

370 2174 414 2208 ad
432 2174 598 2217 firmanda
625 2178 750 2221 omnia,
771 2177 853 2218 ficut
873 2177 972 2223 supra
996 2177 1132 2224 legitur.

421 2225 557 2271 Signum
585 2240 696 2262 manus
722 2227 838 2272 Gulfi,
865 2227 1052 2272 johannis,
1091 2230 1130 2262 U-

366 2276 492 2324 golint‘,
529 2279 639 2322 Petri,
676 2278 749 2321 teste
784 2278 818 2312 in
854 2278 1020 2322 omnibus,
1048 2277 1132 2319 ficut

364 2328 463 2374 supra
489 2328 625 2375 legitur.

421 2379 587 2414 Ceterum
617 2378 707 2413 Fiffi
733 2391 861 2415 nornen
888 2378 927 2414 ea
953 2377 1060 2414 etiam
1088 2376 1129 2413 de

370 2429 484 2466 caussa
512 2429 548 2464 in
578 2429 804 2475 Emphyteufi
842 2428 1040 2465 adhibitum
1076 2428 1126 2463 vi-

371 2481 470 2521 deas,
496 2479 587 2528 quod
609 2480 867 2527 Emphyteutae
889 2489 1021 2515 cerrum
1043 2491 1126 2523 quo-

372 2530 487 2566 tannis
515 2529 651 2566 censum
674 2529 863 2578 penderent
885 2529 1031 2565 domino
1051 2528 1127 2564 fun-

1233 320 1320 366 Cap·
1347 331 1381 366 7.
1412 333 1488 368 pag.
1517 331 1580 366 47.
1608 316 1772 365 evulgavi
1811 314 1996 350 Investitu-

1235 382 1307 404 ram
1336 371 1444 404 curtis
1475 369 1597 406 Lusxae
1636 370 1743 403 Anno
1779 366 1991 402 MLxxlx.

1235 418 1350 454 datam
1380 420 1526 468 Hugoni
1553 422 1585 455 8<
1615 416 1766 454 fulconi
1790 415 1874 453 filiis
1896 416 1993 450 Azo-

1237 469 1291 505 nis
1332 470 1554 506 Marchionis
1599 467 1742 505 Estenfis
1783 466 1824 502 ad
1867 465 1996 500 Ficlum

1237 519 1357 565 censum
1393 521 1583 555 reddendum
1621 519 1707 555 fifh·
1744 518 1864 552 nomine
1903 515 1997 561 usque

1235 572 1279 605 ad
1303 584 1401 605 annos
1421 571 1544 617 viginti
1571 571 1614 604 (9¹
1640 569 1703 604 οὲῗο
1723 569 1875 615 expletos.
1896 567 1994 610 Qua-

1235 634 1270 655 re
1298 621 1390 668 quod
1419 631 1552 656 veteres
1573 620 1750 661 dicerent,
1778 616 1911 651 tradere
1937 613 1994 649 seu

1235 669 1316 705 dare
1343 669 1478 717 aliquid
1506 671 1550 704 ad
1577 669 1704 703 Fiflum
1733 667 1746 713 (
1769 666 1887 713 supple
1914 667 1996 698 Cen·

1164 715 1191 749 Β
1229 720 1326 766 sum)
1354 719 1565 755 reddendum
1585 746 1594 762 ‚
1623 717 1707 751 hinc
1733 725 1850 750 orrum
1873 713 1996 748 habuit

1237 770 1360 805 Italica
1376 783 1447 805 vox
1463 768 1604 814 Affitto.
1618 764 1893 814 Antiquiffimus
1908 776 1995 810 quo-

1235 834 1302 868 que
1329 820 1374 856 est
1400 819 1477 856 usus
1506 819 1775 865 Emphyteuseon,
1802 815 1844 850 de
1869 813 1996 862 quibus

1235 871 1302 906 erit
1353 870 1443 906 infra
1494 869 1606 905 sermo
1655 868 1693 903 in
1744 863 1996 901 Differratione

1237 923 1403 957 XXXVI.
1427 923 1530 956 Nunc
1552 917 1665 961 mihi,
1689 916 1761 952 levi
1782 924 1900 951 tamen
1920 915 1997 949 bra-

1237 971 1345 1015 chio,
1383 969 1634 1007 excutiendum
1671 967 1716 1002 est
1752 973 1998 1013 argumentum

1237 1021 1277 1057 de
1294 1022 1485 1066 Beneficiis,
1502 1020 1644 1062 Pelidis,
1672 1019 1704 1053 &
1722 1016 1872 1052 Allodiis
1888 1027 1997 1061 eaque

1237 1071 1414 1107 occafione
1442 1071 1484 1106 de
1514 1070 1612 1114 Vaffis
1640 1069 1673 1102 &
1705 1066 1880 1109 Vafflzllis:
1907 1077 1993 1110 quo-

1238 1135 1314 1158 rum
1351 1122 1512 1169 frequens
1543 1117 1678 1153 mentio
1715 1115 1760 1150 est
1797 1114 1832 1149 in
1872 1126 1996 1149 monu-

1238 1172 1367 1208 mentis
1403 1185 1442 1206 ac
1479 1166 1646 1205 Historiis
1683 1163 1854 1200 barbarici
1891 1163 1996 1199 aevi.

1237 1223 1312 1267 Qui
1340 1219 1534 1265 Beneficium
1570 1231 1608 1253 ac
1647 1217 1792 1252 Feudum
1828 1227 1890 1263 pro
1927 1226 1996 1249 una

1239 1271 1429 1318 eademque
1468 1283 1505 1305 re
1545 1267 1635 1316 apud
1676 1275 1810 1303 veteres
1851 1264 1993 1299 sumunt

1239 1322 1302 1369 (&
1331 1321 1472 1369 quidem
1510 1332 1581 1354 non
1619 1317 1741 1362 pauci,
1779 1328 1891 1362 neque
1927 1313 1995 1349 fine

1238 1372 1372 1415 cauffa,
1401 1370 1438 1406 in
1466 1383 1541 1406 earn
1569 1368 1775 1417 opinionem
1812 1364 1995 1400 descende-

1237 1423 1350 1470 runt)
1378 1420 1481 1468 usque
1503 1421 1520 1454 ὲ
1544 1422 1781 1454 Romanorum
1811 1415 1996 1450 dominan-

1237 1471 1328 1506 tium
1357 1484 1444 1506 aevo
1470 1469 1644 1517 originem
1673 1468 1849 1502 Feua'orum
1885 1463 1994 1499 arces-

1237 1521 1335 1556 sunt.
1362 1520 1507 1555 Scilicet
1534 1527 1722 1565 coeperunt
1743 1520 1996 1563 Imperatores,

1237 1573 1269 1607 &
1299 1569 1447 1606 fortaffis
1475 1578 1575 1604 antea
1603 1567 1663 1616 ipfi
1692 1578 1832 1614 quoque
1866 1566 1996 1599 Roma-

1238 1621 1275 1657 ni
1303 1634 1417 1657 rerum
1446 1618 1607 1662 domini,
1636 1616 1773 1666 praedia
1794 1623 1853 1650 aut
1874 1614 1914 1649 ad
1937 1613 1997 1648 Fi-

1239 1672 1331 1707 scum
1370 1671 1560 1713 devoluta,
1597 1677 1657 1704 aut
1694 1675 1790 1716 parta
1827 1665 1865 1700 in
1902 1664 1996 1698 bello

1238 1721 1414 1758 militibus
1443 1719 1591 1766 aliisque
1619 1718 1686 1753 suis
1715 1715 1877 1752 fidelibus
1908 1714 1997 1748 elar-

1238 1773 1333 1820 giri,
1375 1780 1414 1806 ut
1454 1783 1573 1806 eorum
1616 1767 1698 1803 fidei
1740 1778 1778 1800 ac
1814 1763 1994 1799 laboribus

1237 1823 1333 1859 suum
1362 1821 1443 1856 effet
1472 1818 1662 1869 praemium
1690 1829 1727 1851 ac
1755 1827 1904 1849 merces.
1927 1815 1997 1848 At-

1236 1887 1303 1919 que
1330 1871 1370 1907 ad
1399 1884 1476 1907 eum
1506 1881 1636 1905 morem
1667 1865 1818 1901 alludere
1839 1863 1996 1899 censetur

1236 1923 1423 1969 Hyginus,
1461 1921 1521 1968 qui
1559 1919 1617 1954 sub
1654 1917 1809 1965 Trajano
1839 1914 1990 1957 floruit,

1235 1974 1272 2009 in
1300 1973 1412 2009 Libro
1439 1972 1479 2006 de
1505 1968 1700 2007 Limitibus
1721 1964 1991 2007 constituendis,

1236 2024 1296 2060 ubi
1325 2024 1400 2059 ait:
1430 2023 1468 2057 Si
1494 2035 1554 2067 qua
1581 2017 1737 2062 Beneficio
1772 2013 1901 2059 concessa
1936 2025 1991 2049 aut

1237 2075 1393 2120 affignata
1418 2071 1564 2106 Coloniae
1585 2069 1726 2113 fuerint,
1765 2067 1797 2100 in
1834 2067 1894 2099 loco
1930 2068 1993 2099 Be-

1238 2125 1413 2169 neficiorum
1439 2121 1662 2166 adscribcmus.
1694 2117 1879 2152 Dolabella
1907 2128 1995 2160 quo-

1238 2189 1304 2222 que
1345 2172 1481 2209 Αυξὶοι·
1521 2168 1743 2206 Gramaticus
1780 2166 1868 2213 apud
1905 2168 1997 2200 Goe-

1238 2225 1321 2261 fium
1363 2223 1456 2259 inter
1500 2221 1549 2257 rei
1593 2219 1762 2268 Agrariae
1803 2216 1994 2263 Scriptores

1239 2276 1320 2311 haec
1348 2274 1417 2309 ait:
1449 2272 1606 2319 Quaeris,
1627 2270 1660 2311 si
1687 2271 1718 2303 in
1747 2269 1842 2303 Libro
1869 2265 1996 2310 Benefi-

1238 2326 1348 2360 ciorum
1376 2324 1510 2370 regionis
1540 2323 1626 2356 illius
1667 2319 1859 2364 Beneficium
1897 2317 1994 2352 alicui

1238 2375 1402 2421 fflaegustus
1437 2373 1581 2408 dederit.
1626 2371 1680 2406 Ad
1723 2371 1805 2405 haec
1843 2368 1879 2403 in
1917 2368 1995 2402 aula

1240 2425 1412 2473 Principis
1442 2424 1541 2461 Libri
1573 2422 1627 2459 seu
1655 2418 1913 2456 Commentarii
1936 2431 1996 2452 ex-

1238 2476 1392 2518 stabant,
1420 2475 1455 2510 in
1479 2474 1603 2522 quibus
1625 2472 1791 2516 descripta
1813 2478 1909 2505 erant
1929 2467 1994 2502 fin-

1238 2530 1317 2576 gula
1340 2525 1536 2570 Beneficia,
1557 2527 1590 2561 &
1612 2523 1667 2561 cui
1689 2523 1816 2560 collata
1838 2519 1994 2554 fuerant.

1836 2568 1942 2621 Legi-
