2185 3027
198 205 256 245 93

554 186 1004 232 DISSERTATIO
1064 184 1364 230 DECIMA.

1656 203 1713 240 94

143 245 308 292 fuerunt,
337 248 450 285 immo
484 249 518 284 8<
556 247 742 283 secundum
780 249 908 282 Roma·
948 247 983 281 A
1012 243 1157 291 antiqua
1178 241 1218 277 fit
1240 242 1391 279 formula
1411 246 1549 280 intrante
1569 245 1685 288 mense.
1708 244 1778 278 Al-

142 308 232 342 nos,
261 297 354 334 idem
392 308 465 335 erat
502 298 724 343 olimsudex
760 298 912 332 Publicus

144 360 184 383 ac
198 351 311 393 Judex
335 350 456 395 Regis,
482 348 550 384 sive
570 348 790 395 Imperatoris,
818 347 911 395 quod

145 398 236 434 infra
261 400 297 435 in
320 400 499 435 Differtat.
524 401 660 434 XV111.
679 400 717 434 de
738 399 912 445 Republica

147 450 453 495 animadvertam,
479 463 645 497 quaerens
681 450 766 497 quid
797 449 909 484 nomi·

147 512 191 535 ne
212 501 421 547 Reipublicae
438 500 525 536 olim
547 499 821 549 significaretur.
846 501 910 535 Re·
939 508 944 544 ι

147 549 214 585 deo
252 550 293 585 ad
329 551 498 594 scabinos,
528 564 615 599 quos
652 550 846 587 Lotharius
885 551 911 584 Ι.

148 600 325 648 Augustus
361 602 397 636 in
434 604 529 650 Lege
568 603 699 637 XLIX.
733 600 911 649 eligendos

150 650 250 698 jubet
284 651 443 700 adjutores
472 652 654 695 Comitum,
684 656 737 699 qui
774 651 912 685 meliores

149 703 195 734 (Ὺ
221 704 391 736 veraciores
419 703 559 736 inveniri
583 701 706 749 poffunt
723 729 732 738 .
768 703 809 736 In
837 700 906 736 sub-

149 750 309 798 sequenti
329 754 425 800 Lege
446 752 553 787 etiam
579 753 761 795 statuitur,
784 761 822 788 ut
843 751 910 798 qui-

149 814 275 848 cumque
291 803 329 836 de
345 803 492 837 Scabim's
509 803 711 849 deprehensus
725 803 824 846 fuerit
841 813 910 848 pro-

146 861 218 898 pter
244 865 393 895 munera,
421 863 477 887 aut
500 863 624 900 propter
659 853 831 887 amicitiam
863 851 910 885 in-

148 901 229 949 juste
241 901 392 946 judicaffl:
404 930 413 946 ‚
432 902 472 937 ad
495 905 624 952 Regem
647 903 820 939 rationem
838 902 908 937 red-

150 951 288 987 diturus
318 953 504 1002 mittatur3
534 953 680 1002 reliquis
716 967 800 989 vero
833 955 908 988 Sca-

152 1000 245 1037 binis
273 1002 526 1047 denuntietur,
554 1013 592 1039 ut
629 1005 670 1039 ab
699 1003 821 1051 iniqua
849 1002 909 1038 hu-

151 1050 302 1098 jusmodi
320 1053 574 1089 nundinatione
590 1054 799 1089 abstineant.
814 1055 910 1088 Prae-

151 1099 428 1152 tereaxdecrevit
456 1102 548 1136 idem
587 1105 780 1151 Imperator
816 1105 912 1151 Lege

152 1151 234 1184 XII.
272 1158 311 1185 ut
338 1151 555 1194 Cancellarii,
587 1152 654 1188 slve
690 1153 843 1197 Nomii,
870 1152 913 1188 ad

152 1200 321 1248 majorem
336 1200 507 1236 Αξὶοωῐη
526 1201 663 1237 suorum
683 1203 787 1239 fidem
802 1203 910 1239 Char-

152 1258 207 1285 tas
236 1250 374 1297 publice
399 1251 622 1287 conscribant
643 1263 716 1288 ante
739 1254 911 1296 Comitem,

155 1301 198 1334 (9⁵
221 1301 392 1345 Scabinos‚
417 1303 460 1336 (Ὺ
485 1303 622 1337 Vicarios
647 1302 735 1349 ejus.
758 1303 864 1349 Quod
890 1302 912 1337 sl

155 1350 233 1398 quis
261 1351 383 1387 liberis
411 1366 528 1388 carens
564 1363 768 1390 extraneum
802 1353 914 1389 facere

154 1401 316 1436 heredem
344 1403 527 1451 cupiebat,
556 1403 743 1440 secundum
780 1407 911 1454 Legem

156 1453 287 1490 XCIV.
308 1453 429 1489 Caroli
454 1454 580 1503 Magni
606 1469 705 1490 coram
727 1452 836 1502 Rege,
862 1455 916 1489 vel

154 1503 293 1541 Comite.
321 1505 374 1538 vel
409 1506 564 1550 Sabino,
590 1507 645 1540 vel
680 1504 778 1553 Miffo
805 1505 913 1541 Domi-

155 1553 222 1586 nico
243 1553 444 1600 postremam
467 1554 557 1591 hanc
576 1556 670 1592 suam
692 1557 914 1592 voluntatem

155 1614 327 1648 exponere
347 1604 549 1650 jubebatur.
575 1608 784 1655 Complures
807 1606 915 1642 Char-

155 1659 209 1686 tas
238 1651 314 1686 vidi
342 1654 600 1689 Contrffiuum
636 1657 732 1692 inter
758 1658 914 1703 privatos

156 1700 319 1736 homines
346 1703 624 1748 celebratorum,
648 1705 774 1752 quibus
801 1715 918 1740 tamen

156 1751 297 1786 interest
314 1752 442 1799 aliquis
464 1753 652 1798 Scabinus,
670 1753 811 1802 perinde
827 1753 920 1802 quasi

156 1800 184 1836 ii
210 1811 293 1836 tunc
318 1801 385 1836 illo
409 1815 549 1838 munere
576 1803 822 1852 fungerentur,
849 1817 919 1852 quo

156 1851 261 1887 elef'ti
298 1852 317 1886 ὲ
356 1853 548 1900 Republica
591 1854 784 1889 Mutinensi
825 1868 919 1890 nunc

157 1902 377 1950 appellantur
415 1904 545 1939 Giudict'
579 1905 618 1938 di
651 1905 836 1941 Autarita.
870 1907 917 1940 U-

157 1965 237 1987 nam
251 1953 496 1988 tantummodo
512 1957 796 1990 commemorabo
810 1983 821 1998 ,
831 1969 919 2003 quae

158 2003 249 2038 mihi
285 2004 373 2038 olim
412 2004 598 2040 videndam
628 2005 660 2041 se
687 2006 846 2053 praebuit
881 2006 918 2041 in

159 2054 354 2089 Tabulario
379 2055 585 2091 Monasterii
612 2055 816 2091 Veronensis
838 2059 917 2091 San·

159 2103 208 2138 &i
246 2104 422 2140 Zenonis.
459 2105 594 2154 Scripta
633 2106 701 2142 fuit
737 2102 935 2154 Regnantes*

159 2156 267 2188 DNN
292 2154 405 2201 (idest
431 2157 553 2190 Domni
586 2157 701 2200 nostri,
728 2158 784 2192 vel
821 2160 914 2191 Dom-

160 2207 211 2238 nis
237 2204 389 2253 Nostris)
417 2208 531 2241 Carolo
563 2208 607 2241 Θ
632 2208 769 2254 Pippino
789 2207 863 2252 filio
889 2221 916 2241 e-

153 2253 232 2301 jus,
253 2255 337 2288 viris
357 2257 611 2302 excellenttfflmis
631 2259 774 2305 Regibus
795 2262 914 2301 Lango-

159 2306 325 2339 bardorum
341 2305 373 2339 in
391 2307 488 2342 Italia
499 2336 508 2352 ‚
524 2312 625 2343 Anno
645 2322 746 2342 eorum
761 2310 916 2343 XXXIII.

160 2356 205 2388 (9¹
228 2358 330 2391 XXV.
355 2357 407 2390 die
430 2358 653 2403 quintodecimo*
674 2359 813 2394 intrante
835 2372 914 2392 men-

152 2406 390 2450 JeJanuario,
423 2408 600 2443 Indiffilione·
633 2412 720 2445 XIV.
751 2409 815 2444 hoc
851 2409 916 2453 est,

158 2457 269 2492 Anno
294 2456 425 2493 Christi
455 2460 655 2496 DCCCVI.
676 2462 758 2496 Duo
783 2459 860 2495 heic
885 2473 917 2494 a·

155 2507 400 2545 nimadverte‚
437 2508 616 2555 Primum,
652 2524 759 2559 quarn
792 2523 919 2560 nempe

953 704 994 738 Β,

956 2058 987 2090 E

1013 302 1149 337 terum,
1175 292 1281 328 unico
1308 296 1581 339 Langobardorum
1601 295 1701 342 Regis
1727 294 1778 330 ti-

1015 345 1091 380 tulo
1119 343 1196 379 heic
1225 342 1349 378 donari
1375 345 1544 378 Carolum
1576 349 1778 394 Magnum,

1015 407 1216 443 quanquam
1251 393 1281 429 is
1310 393 1351 428 ab
1384 393 1520 440 aliquot
1550 396 1646 430 annis
1675 398 1775 442 Impe-

1015 446 1128 480 ratoris
1156 444 1300 480 nomine
1328 457 1365 479 ac
1394 443 1569 492 dignitate
1605 444 1776 493 fulgeret.

1016 495 1261 532 Mutinensem.
1295 494 1464 531 Chartam
1507 492 1597 529 infra
1634 494 1672 528 in
1711 495 1775 530 hac

1016 546 1090 595 ipsa
1127 545 1377 582 Differtatione
1413 544 1608 593 evulgabo,
1636 543 1672 578 in
1710 557 1780 591 qua,

1017 597 1175 632 eamdem
1185 595 1407 632 omiffionem
1420 594 1650 643 deprehendes
1662 621 1670 628 .
1681 595 1778 639 Qua-

1016 660 1051 683 re
1079 661 1149 683 non
1177 656 1250 683 tam
1277 647 1350 682 cito
1377 648 1396 681 ὲ
1425 645 1573 682 Criticis
1600 645 1779 681 intentan-

1017 697 1063 733 da.
1086 698 1131 734 lis
1159 697 1324 740 Chattis,
1346 696 1440 745 quod
1467 696 1505 731 in
1533 695 1653 743 aliquo
1677 696 1696 729 a
1725 708 1779 730 ce-

1017 758 1172 784 terorum
1195 748 1430 784 Notariorum
1453 745 1702 782 consuetudine
1726 745 1780 780 di-

1018 798 1175 834 scedant.
1202 801 1314 834 Erant
1339 799 1379 834 in
1404 798 1526 833 eodem
1555 796 1717 832 Archivo
1744 809 1781 831 a-

1017 849 1086 885 liae
1108 849 1235 885 slmiles
1261 849 1433 885 Chartae.
1459 850 1575 884 Unam
1598 846 1672 882 vidi
1699 860 1781 882 exa-

1018 909 1128 935 ratam
1157 904 1339 947 Regnantes
1369 899 1502 934 Domnis
1538 898 1647 939 nostris
1674 901 1780 932 Karo-

1017 951 1047 983 lo
1074 951 1117 984 (9⁵
1135 950 1243 994 filiam
1278 950 1345 996 ejus
1374 950 1520 996 Pipinorn
1556 953 1659 995 Reges
1686 948 1719 981 in
1748 950 1780 982 I-

1019 1001 1100 1036 talia
1119 1002 1298 1047 Trigeffimo
1323 1002 1364 1034 (9⁶
1387 999 1536 1047 Vigesimo
1550 999 1676 1043 secondo
1696 1010 1782 1031 men-

1013 1051 1047 1095 se
1075 1052 1207 1098 Magii‚
1232 1062 1289 1097 per
1324 1050 1498 1085 Inclifi‘ione
1525 1053 1566 1083 X.
1594 1048 1676 1083 idest
1708 1049 1782 1082 An-

1021 1114 1068 1136 no
1087 1101 1219 1136 Christi
1240 1102 1423 1136 DCCCII.
1445 1100 1604 1134 Alteram
1631 1097 1780 1132 similem

1021 1150 1298 1186 commemoravi
1335 1150 1371 1185 in
1412 1149 1590 1184 Differtat.
1626 1150 1781 1184 LXVII..

1019 1203 1058 1235 de
1084 1204 1166 1236 mod.
1191 1200 1391 1248 acquirendi.
1420 1199 1525 1234 Addo
1552 1200 1587 1234 Sc
1615 1197 1779 1241 tertiam,

1022 1251 1118 1301 cujus
1147 1251 1374 1299 archetypum
1401 1249 1435 1285 se
1460 1249 1493 1285 se
1529 1248 1623 1284 mihi
1647 1248 1781 1284 obtulit

1020 1301 1060 1337 in
1095 1302 1291 1337 Tabulario
1329 1300 1591 1337 Canonicorum
1631 1300 1782 1348 Regula-

1020 1351 1111 1387 rium
1130 1350 1408 1396 Pistorienfium‚
1424 1350 1677 1387 Monasterium
1698 1352 1782 1385 San-

1020 1402 1069 1438 &i
1098 1402 1362 1438 Bartholomaei
1398 1401 1658 1437 incolentium.
1690 1401 1781 1436 Scri-

1021 1452 1084 1501 pfit
1105 1467 1181 1489 eam
1203 1453 1372 1489 Notarius
1394 1457 1563 1500 Regnante
1588 1454 1707 1486 Domno
1727 1464 1781 1485 no-

1012 1503 1078 1546 stro
1093 1505 1224 1539 Carolus
1240 1504 1294 1539 vir
1308 1503 1554 1548 excellenttffimo
1570 1506 1657 1549 Rege
1674 1504 1706 1536 F
1708 1515 1781 1536 ran·

1021 1568 1142 1598 corum,
1171 1555 1213 1589 (θ’
1248 1559 1482 1597 Romanorum,
1518 1554 1620 1600 adque
1656 1556 1782 1599 Lango-

1022 1607 1209 1649 bardorum,
1229 1609 1351 1641 Annus
1370 1604 1479 1651 Regni
1497 1603 1567 1649 ejus
1586 1604 1618 1637 in
1639 1604 1702 1638 Dei
1728 1604 1783 1636 ησ-

1022 1656 1104 1690 mine
1131 1657 1164 1690 in
1192 1656 1312 1700 Italia,
1337 1655 1496 1702 postquam
1523 1654 1628 1701 PapIa
1653 1654 1783 1688 Civita-

1023 1716 1053 1739 te
1077 1705 1225 1752 ingressus
1248 1706 1312 1749 est,
1337 1705 1508 1752 Trigefimo
1528 1706 1628 1751 primo
1638 1718 1657 1746 ‚·
1676 1705 1719 1738 (Τ
1735 1703 1783 1748 fi-

1023 1754 1087 1787 lius
1113 1754 1180 1797 ejus
1206 1759 1348 1789 Domnus
1374 1755 1471 1797 noster
1494 1755 1651 1800 Pippinus
1672 1754 1783 1800 gratia

1023 1803 1087 1838 Dei
1112 1808 1184 1838 Rex
1210 1806 1511 1850 Langobardorum,
1527 1808 1649 1838 Annus
1675 1804 1782 1849 Regni

1023 1853 1091 1895 ejus
1111 1853 1260 1900 Vigifimo
1279 1864 1410 1900 quarto,
1426 1864 1483 1900 per
1507 1853 1683 1888 Indtfiiione
1705 1855 1781 1888 XII.

1018 1904 1176 1947 feliciter.
1208 1904 1338 1946 Constat
1364 1918 1409 1938 me
1435 1905 1603 1939 Durduno
1625 1904 1783 1939 Presbiter

1014 1953 1111 1998 filius
1142 1955 1298 2000 quondam
1328 1954 1433 1995 Bafili
1468 1954 1615 1996 Custodes
1649 1953 1782 1994 Ecclesie

1023 2005 1188 2049 beatiffi'mi
1212 2004 1326 2039 Samffi
1351 2005 1442 2038 Petri
1467 2005 1554 2039 intra
1580 2004 1659 2039 hanc
1682 2004 1784 2046 Pisto.

1024 2055 1073 2088 riu
1092 2055 1269 2089 Civitatem
1295 2055 1363 2090 &cn
1390 2056 1506 2090 Notae
1531 2054 1610 2090 istae
1636 2057 1784 2090 Annum

1023 2104 1153 2140 Christi
1183 2106 1385 2140 DCCCIV.
1410 2104 1583 2152 produnt,
1612 2118 1682 2153 quo
1713 2106 1783 2141 Ca-

1024 2156 1118 2190 rolus
1145 2156 1297 2203 Magnus
1325 2156 1344 2190 a
1368 2166 1521 2203 quatuor
1545 2156 1649 2191 annis
1669 2157 1784 2203 Impe-

1024 2214 1119 2240 rator
1133 2214 1206 2240 erat
1218 2232 1227 2240 .
1238 2204 1346 2240 Hisce
1361 2206 1501 2241 accedat
1512 2205 1643 2241 Charta
1655 2233 1665 2248 ‚
1677 2218 1784 2253 quam

1025 2255 1062 2290 in
1090 2255 1251 2291 Archivo
1279 2254 1405 2303 insigni
1432 2255 1692 2290 Monachorum
1720 2255 1784 2291 Ci-

1025 2305 1253 2342 stercienfium
1281 2305 1397 2341 saneti
1426 2304 1604 2341 Ambrofii
1632 2306 1782 2354 Majoris

1026 2356 1225 2392 Mediolani
1272 2356 1346 2392 vidi
1390 2355 1554 2405 scriptam
1599 2360 1783 2403 Regnantes

1026 2408 1144 2443 Domni
1160 2407 1253 2450 nostri
1267 2420 1341 2441 vere
1360 2407 1598 2452 excellentiffimi
1613 2408 1725 2442 Carolo
1741 2408 1784 2441 &-

1025 2458 1162 2506 Pippino
1183 2458 1326 2504 Regibus
1346 2457 1379 2491 in
1400 2458 1519 2502 Italia,
1538 2461 1639 2492 Anno
1659 2460 1782 2493 XXIX.

1026 2510 1069 2544 (9⁴
1094 2511 1205 2545 XXII„
1227 2509 1326 2554 mense
1347 2508 1499 2552 Amnis,
1526 2508 1699 2544 Indiflione
1724 2511 1782 2544 XL,

1664 2558 1732 2594 hoc
