2185 3027
276 181 355 223 153

621 163 1069 211 DISSERTATIO
1128 164 1424 210 DECIMA.

1701 184 1783 223 154

207 242 241 271 ‚·‚
269 225 479 275 peregrino,
520 225 581 275 qui
623 226 754 263 ibidem
799 234 974 274 veneratg
1012 225 1041 258 A
1086 223 1194 257 ducere
1220 224 1368 267 deberet,
1404 236 1440 259 ut
1464 228 1574 262 exinde
1600 237 1713 262 certam
1745 225 1842 273 posse.

214 304 239 323 „
268 276 416 324 presenti
446 287 526 313 ante
553 291 617 313 nos
644 277 716 326 ipse
744 277 861 313 Britro
884 275 976 311 mifit

217 355 242 373 ,‚
271 340 309 363 ea
336 328 372 363 in
402 327 542 372 focum,
570 330 603 363 &
631 328 682 364 ibi
711 329 809 364 arfit.
832 330 879 361 Et
902 329 976 361 dum

216 379 327 414 taliter
349 378 498 426 profefflrs
518 378 627 426 suiffet
654 379 701 421 fic
736 379 799 426 ipse
835 381 976 412 Domnus

207 430 375 475 johannes
401 431 571 478 Epist-opus
597 441 671 465 ante
700 430 735 475 fi:
769 429 879 464 venire
899 429 976 473 fecit

216 481 318 527 ipsum
344 481 515 516 Albertum
550 482 726 525 Clericum,
762 482 818 516 ubi
853 481 896 513 (9'
923 493 976 513 nos

215 530 345 568 insimul
372 545 560 576 eravamus,
598 533 808 579 interrogavit
834 544 923 573 eum,
947 530 978 571 fi

217 581 384 617 veritatem
411 582 528 629 tulisset
558 584 724 619 Cartalam
761 584 851 618 illam
891 584 974 616 Deu-

216 634 308 667 sdedi
348 634 543 677 Presbiteri‚
577 634 661 675 ficut
701 634 764 680 ipse
805 633 976 677 Deusdona

1087 286 1155 307 mus
1178 272 1361 319 conjungere
1384 276 1570 311 veritatem.
1595 282 1652 312 Set
1673 277 1735 324 ipse
1755 280 1844 311 Deu-

1086 325 1191 358 sdedit
1216 323 1450 359 Arcidiaconus
1475 326 1581 359 dixit:
1608 328 1788 376 Postquam
1814 326 1845 362 i-

1089 374 1133 410 ste
1162 374 1347 411 Deusdona
1385 374 1569 419 Presbyter
1604 376 1713 421 dicit,
1749 378 1845 425 quod

1089 427 1271 462 Cartulam
1299 424 1409 474 ipsam
1437 424 1591 468 fecisset,
1618 424 1659 459 fit
1686 427 1705 444 *
1731 427 1844 471 saE‘ta,

1089 490 1169 512 nam
1198 490 1262 525 ego
1290 490 1364 512 eam
1394 476 1560 512 adducere
1588 489 1658 510 non
1686 478 1816 523 poffurn
1833 506 1845 522 ‚

1089 529 1122 562 ὃς
1151 529 1284 563 nullam
1313 527 1485 564 rationem
1514 526 1642 562 exinde
1671 539 1761 573 pono
1789 529 1847 562 ab.

1089 578 1169 624 sque
1210 577 1371 614 Falichifi
1390 606 1400 622 ‚
1450 577 1511 626 qui
1553 577 1598 613 est
1642 578 1848 613 Procurator

1089 629 1129 664 de
1157 628 1228 676 ipsa
1265 628 1436 665 Ecclefia.
1473 632 1521 664 Et
1554 630 1630 663 dum
1665 627 1770 662 omnia
1796 629 1848 661 hec

215 683 373 719 Presbiter
397 684 540 726 dicebat,
577 686 621 718 Θ·
643 684 781 731 presenti
815 693 888 718 ante
924 696 977 717 nos
1017 678 1042 712 Β
1083 680 1206 723 fastum
1228 678 1358 725 fuisset,
1388 680 1435 721 fic
1461 680 1524 727 ipse
1551 683 1694 715 Domnus
1720 678 1850 723 Johan-

214 734 299 769 dixit
334 734 386 768 ei:
423 762 447 779 ‚‚
476 734 616 770 Veritas
654 734 724 777 est,
761 733 844 782 quia
882 733 976 769 dixit

217 811 241 830 „
270 783 359 820 mihi
389 784 448 820 iste
476 785 659 821 Deusdona
698 785 873 821 Presbiter
907 785 974 820 tol-

217 862 242 880 „
271 836 341 869 lere
368 835 478 883 ipsam
506 837 710 871 Cartulam.
747 838 794 871 Et
832 835 914 870 dum
942 848 972 870 e·

216 915 240 933 υ
269 899 313 933 go
341 885 378 920 in
414 886 618 934 obsequium
655 885 759 935 ipsius
801 885 974 921 Deusdedi

216 966 241 984 „
273 935 461 972 Presbiteri
488 937 622 972 fuissem
642 964 651 981 ‚
688 938 722 972 ὃ(
751 950 816 986 ego
860 937 974 972 claves

216 1015 241 1033 ‚‚
270 987 342 1034 ejus
371 986 531 1023 haberem
576 987 778 1035 potestatem
797 1015 807 1031 ‚
845 987 912 1022 tuli
940 988 973 1021 8<

217 1066 242 1083 „
270 1037 379 1082 ipsam
408 1040 621 1082 Cartulam‚
662 1052 722 1085 per
748 1051 852 1087 quem
882 1041 973 1073 Deu-

215 1114 241 1132 υ
268 1085 373 1119 sdona
403 1087 578 1121 Presbiter
605 1101 683 1122 eum
705 1089 974 1124 confirmaverat

215 1164 240 1184 ‚‚
267 1134 305 1171 in
333 1135 484 1170 Ecclesia
512 1136 631 1173 sanai
659 1139 792 1187 Angeli
809 1167 819 1183 ‚
860 1141 894 1175 8<
922 1153 974 1176 res

214 1215 239 1234 ‚‚
267 1186 308 1222 ad
346 1199 384 1221 ea
422 1186 649 1234 pertinente,
690 1190 724 1223 &
766 1189 895 1226 adduxi
936 1204 974 1226 ea

214 1266 239 1282 ‚‚
267 1236 308 1272 ad
351 1236 450 1273 istum
494 1237 677 1275 Deusdona
716 1240 974 1285 Presbiterum,

215 1317 239 1335 ‚,
267 1290 314 1323 Et
342 1287 385 1323 fic
412 1301 450 1324 ea
478 1288 625 1325 fecimus
651 1289 836 1326 incendere
860 1290 973 1337 ipsum

216 1367 240 1385 „
268 1339 471 1375 Brettonem
495 1368 504 1383 ‚
552 1339 637 1376 ficut
681 1340 743 1377 iste
789 1340 973 1378 Deusdona

215 1418 240 1436 „
269 1389 443 1426 Presbiter
470 1390 661 1440 justitiam3
683 1391 766 1439 quia
795 1391 972 1440 postquam

215 1468 240 1487 ‚‚
268 1440 305 1476 in
334 1453 389 1476 me
429 1454 488 1487 per
524 1443 706 1478 cartulam
747 1442 974 1479 confirmavit

215 1518 242 1538 ‚,
269 1490 378 1539 ipsam
406 1491 595 1528 Ecclefiam
624 1493 742 1529 Sanfflti
763 1494 920 1542 Angeli,
939 1495 972 1529 δε
1022 1485 1026 1489 ’

217 1568 242 1587 „
270 1554 322 1576 res
359 1541 472 1576 eidem
509 1542 738 1592 pertinente;
777 1545 810 1578 8<
841 1544 973 1580 oblica-

217 1617 242 1638 ‚‚
270 1590 325 1626 vit
353 1590 442 1626 mihi
466 1593 558 1638 quod
584 1606 622 1627 ea
643 1593 680 1628 in
700 1593 772 1629 alio
800 1593 944 1631 homine
962 1623 973 1640 ,

218 1669 243 1688 9,
271 1642 329 1676 vel
356 1640 393 1676 in
422 1641 573 1677 Ecclefia
614 1642 694 1678 dare
729 1657 798 1678 non
837 1654 973 1692 poteret

217 1720 243 1739 ‚‚
271 1705 330 1737 per
356 1692 494 1726 nullum
522 1692 691 1739 ingenio.
721 1693 837 1728 Postea
874 1694 972 1729 exin-

215 1770 240 1788 „
268 1742 309 1776 de
338 1741 431 1776 mifit
458 1743 640 1777 Cartulam
662 1743 697 1778 in
720 1743 871 1779 Ecclesia
891 1747 972 1779 San·

216 1822 240 1839 „
268 1791 317 1827 &i
346 1791 519 1827 Silvestri.
546 1795 602 1826 Set
622 1793 684 1839 ipse
703 1794 872 1839 Deusdona
897 1799 970 1830 Pre-

215 1845 311 1880 Jbiter
329 1842 442 1885 statim
468 1842 572 1878 dixit.
603 1843 764 1887 Veritas,
801 1844 883 1892 quia
912 1859 969 1889 po·

216 1923 241 1941 „
268 1894 333 1929 stea
362 1892 488 1929 exinde
516 1892 583 1928 feci
611 1895 794 1931 Cartulam
832 1895 869 1930 in
905 1898 970 1931 Ec-

216 1973 240 1991 „
268 1943 367 1980 clefia
409 1943 527 1979 Sancii
570 1943 723 1980 Silvestri
746 1973 755 1989 ‚
793 1946 826 1980 &
863 1946 969 1982 aliam

215 2024 240 2043 ‚,
268 1996 451 2032 Cartulam
493 1993 620 2030 exinde
661 1995 727 2031 feci
769 1997 968 2046 Rapprandi

213 2075 237 2093 ‚,
264 2048 298 2081 δε
327 2045 521 2093 Alipertuli
549 2045 716 2082 Clerico.

264 2100 312 2132 Et
338 2097 413 2130 dum
440 2096 548 2131 taliter
580 2096 727 2142 professus
757 2096 889 2142 ficisset,
927 2099 969 2132 &⁴

208 2148 254 2190 fic
289 2147 352 2192 ipse
387 2149 528 2180 Domnus
554 2148 705 2191 Jobanne
740 2149 890 2195 Episcopo
920 2162 969 2183 ore

213 2198 335 2246 proprio
365 2197 422 2242 suo
456 2197 541 2231 dixit
576 2198 736 2242 Deusdedi
761 2200 969 2234 Arcidiaconi

214 2247 344 2285 Reilori
373 2247 579 2294 suprascripte
605 2249 739 2291 Ecclefie
764 2250 876 2284 ,ςάηέἷὶ
901 2251 964 2284 Sil-

212 2299 331 2341 vestri,
362 2297 395 2337 Ῑὶ
418 2298 583 2332 veritatem
609 2299 672 2346 ipse
698 2301 867 2345 Deusdona
892 2304 963 2334 Pre-

212 2352 318 2387 sbvter
343 2348 414 2390 fecit
440 2350 604 2383 Cartalam
636 2351 734 2397 ipsam
760 2353 799 2385 de
823 2351 892 2396 jam
918 2352 963 2385 di-

213 2401 259 2435 ἒῖο
289 2398 478 2440 Monaflerio
503 2399 615 2434 Sanfft'
640 2402 767 2448 Angeli
802 2402 835 2436 in
863 2405 966 2436 Eccle-

208 2451 259 2492 sia
284 2449 397 2485 saneti
422 2449 590 2494 silvestri,
619 2450 702 2492 ficut
739 2452 801 2499 ipfie
827 2454 967 2487 Deusdo-

213 2515 255 2537 ua
280 2502 446 2550 Presbyter
470 2499 549 2535 dicit
564 2527 575 2545 ‚
609 2511 648 2537 ut
672 2513 744 2538 ante
770 2516 825 2538 nos
850 2518 886 2540 ea
912 2505 968 2539 ad-

1012 1584 1044 1617 D

1090 744 1143 765 nes
1169 731 1342 778 Episcopus
1368 731 1467 773 noster
1492 744 1541 765 ore
1564 730 1690 777 proprio
1711 729 1768 774 suo
1795 741 1850 762 no-

1090 781 1139 815 his
1170 782 1350 829 praecepit,
1388 782 1430 816 (9¹
1457 781 1649 828 conjurando
1685 779 1772 815 nobis
1797 779 1850 814 di-

1090 832 1159 875 xit,
1195 842 1231 866 ut
1257 846 1311 866 nos
1343 846 1408 867 una
1433 846 1500 867 cum
1536 833 1600 878 ipso
1627 830 1852 879 Austriperto‘

1090 882 1181 918 Loci
1223 885 1404 918 Servatore
1444 883 1614 928 secundum
1653 885 1756 916 Deum
1792 892 1849 928 per

1088 946 1197 968 veram
1218 937 1332 980 Legem
1353 935 1395 967 (9¹
1415 933 1571 981 justitiam
1598 933 1720 978 causam
1748 933 1848 978 ipsam

1090 984 1171 1018 inter
1206 997 1254 1018 eos
1284 984 1426 1029 judicare
1454 986 1496 1018 (9⁶
1522 985 1693 1019 deliberare
1727 982 1849 1016 deberi-

1089 1048 1180 1070 mus.
1218 1038 1285 1069 Nos
1318 1048 1394 1069 vero
1420 1035 1477 1082 qui
1504 1035 1603 1081 supra
1637 1033 1784 1076 Jacobus
1811 1033 1847 1067 δε

1088 1081 1326 1121 Austrifonsus
1353 1086 1445 1121 Loci
1472 1084 1713 1120 Serbatoribus
1739 1084 1848 1127 secun-

1086 1138 1164 1170 dum
1191 1135 1259 1181 ejus
1291 1136 1485 1182 preceptione
1518 1135 1619 1181 ipsum
1651 1132 1848 1181 Austriper-

1087 1195 1164 1221 tum
1200 1185 1291 1221 Loci
1333 1187 1552 1221 servatorem
1591 1187 1633 1219 (θ’
1667 1185 1847 1219 Sacerdotes

1087 1237 1131 1270 ἴθ’
1165 1240 1387 1280 Aremannos,
1428 1250 1555 1283 quorum
1592 1235 1718 1270 nomina
1751 1234 1847 1281 super

1086 1287 1260 1334 leguntur,
1291 1286 1535 1332 judicavimus,
1572 1296 1607 1321 ut
1635 1286 1698 1333 ipsc
1724 1287 1847 1332 βρεν-

1086 1348 1137 1372 tus
1163 1338 1302 1372 Clericus
1328 1338 1372 1371 Θ·
1399 1340 1567 1373 Deusdona
1593 1338 1758 1380 Presbyter
1789 1347 1846 1382 per

1087 1388 1274 1435 Evangelia
1304 1388 1442 1433 juratim
1468 1390 1629 1431 dicerent,
1666 1387 1741 1434 quia
1767 1400 1846 1433 qua-

1087 1440 1162 1473 liter
1179 1441 1218 1473 de
1237 1437 1338 1483 caussa
1359 1439 1418 1481 ista
1438 1439 1561 1486 profeffi
1580 1439 1711 1484 sumus,
1739 1438 1844 1472 omnia

1080 1489 1128 1531 stc
1167 1489 1237 1533 suit
1269 1490 1440 1524 veritatem
1459 1517 1469 1534 ‚
1506 1491 1550 1523 (9*
1584 1489 1721 1536 qualiter
1750 1487 1845 1534 judi-

1089 1540 1232 1576 cavimus
1271 1550 1344 1574 ante
1380 1554 1455 1584 nos,
1487 1540 1599 1574 exinde
1628 1540 1843 1586 juraverunt.

1090 1591 1248 1625 Similiter
1283 1591 1326 1624 (9⁴
1357 1590 1608 1637 judicavimus,
1651 1591 1694 1624 (9²
1728 1590 1843 1624 wadia

1089 1643 1165 1676 dare
1194 1641 1325 1685 fecimus
1362 1642 1461 1688 ipsum
1500 1642 1674 1687 Deusdedit
1709 1642 1844 1687 Presby-

1089 1702 1136 1725 ter
1163 1691 1234 1734 jaem
1262 1691 1343 1726 disti
1378 1693 1546 1736 Deusdona
1581 1691 1780 1737 Presbyteri,
1807 1700 1843 1724 ut

1089 1741 1279 1787 consignaret
1305 1753 1361 1787 per
1395 1743 1571 1784 testimonia
1590 1770 1600 1786 ‚
1636 1742 1692 1788 qui
1726 1745 1843 1776 Carru-

1088 1791 1153 1826 lam
1181 1791 1280 1837 ipsam
1305 1790 1457 1837 vidtffent
1473 1819 1483 1836 ‚
1519 1793 1562 1826 ἴθ’
1588 1791 1846 1838 Νοιανὶιιωῃιιιῗ

1089 1855 1160 1876 eam·
1186 1840 1353 1887 scripfiffet
1372 1869 1382 1885 ,
1423 1853 1459 1876 ut
1494 1855 1548 1876 nos
1581 1853 1693 1877 certam
1725 1841 1844 1889 poteri·

1088 1905 1157 1926 mus
1194 1892 1378 1939 conjungere
1406 1893 1573 1928 veritatem
1589 1921 1599 1936 ‚
1637 1893 1728 1940 quali
1766 1903 1844 1926 tem-

1084 1955 1157 1990 pore
1192 1944 1359 1978 Cartulam
1396 1944 1493 1990 ipsam
1523 1944 1674 1991 scriptam
1706 1941 1844 1990 suffit»

1086 2003 1145 2029 aut
1171 1993 1203 2034 st
1238 1992 1346 2039 sutffet
1385 1995 1542 2038 veritate,
1576 1995 1660 2036 ficut
1699 1994 1743 2027 (Ψ
1780 1993 1847 2040 ipse

1010 2031 1037 2064 E
1087 2044 1263 2088 Deusdedit
1301 2046 1459 2079 Presbiter
1498 2047 1664 2092 querebat,
1701 2044 1745 2077 (9¹
1780 2044 1845 2090 ipse

1086 2095 1254 2139 Deusdona
1289 2097 1454 2141 Presbyter
1480 2097 1523 2130 (9⁶
1550 2097 1706 2143 Alpertus
1741 2094 1847 2129 Cleri-

1084 2160 1135 2182 cus
1161 2145 1283 2192 proseffi
1302 2146 1380 2190 sunt
1396 2173 1405 2181 .
1433 2149 1480 2181 Et
1504 2148 1580 2181 dum
1606 2147 1750 2182 wadiam
1776 2159 1849 2180 eum

1087 2197 1195 2232 taliter
1219 2197 1294 2230 dare
1318 2196 1468 2239 fecimus,
1503 2198 1590 2232 dixit
1615 2198 1678 2243 ipse
1704 2195 1845 2239 Deusde.

1084 2248 1136 2282 dit
1177 2248 1364 2291 Presbyter:
1409 2247 1507 2283 Sicut
1546 2248 1698 2283 wadiam
1739 2245 1845 2290 dedi,

1085 2298 1182 2334 testes
1209 2297 1292 2332 illos
1319 2297 1450 2342 habeo,
1478 2299 1512 2333 &
1539 2298 1751 2340 Notarium,
1779 2296 1843 2344 qui

1085 2363 1160 2385 eam
1189 2347 1343 2397 scripfit3
1373 2347 1422 2383 set
1449 2350 1587 2384 tantism
1615 2347 1764 2398 jubeatis
1785 2361 1844 2383 co-

1084 2413 1157 2436 ram
1197 2398 1328 2435 scedem
1372 2400 1608 2436 Dominarum
1650 2399 1843 2436 nostrorum

1089 2453 1222 2499 Regum
1263 2450 1459 2498 inquirere.
1494 2451 1548 2486 sic
1587 2452 1674 2486 nobis
1709 2451 1844 2494 ostendit

1085 2501 1286 2546 testimonia,
1328 2501 1407 2544 idest
1441 2501 1620 2539 Adelchari
1658 2503 1840 2545 clericum,

1691 2554 1790 2588 Ami-
