2185 3027
205 203 261 242 73
537 184 1023 230 DJSSERTATJO
1082 183 1386 228 DECIMA.
1663 201 1719 240 74

147 245 291 295 prodere
301 258 429 282 nomen
443 274 452 289 ‚
468 245 549 282 dum
564 245 800 281 subscribunt.
817 245 908 281 Heic
931 245 994 294 lA'
1016 250 1131 277 tutus:
1153 241 1245 289 quod
1267 255 1389 277 munus
1410 245 1614 291 abrogatum
1630 242 1662 277 ei
1686 253 1776 276 non-

148 305 290 337 autem.
318 307 357 332 ut
383 297 533 345 opinor,
571 295 702 331 feroces
730 295 910 343 insurgent

148 345 309 390 critici,
345 347 380 382 8(
418 345 577 383 adversus
615 346 783 382 Chartam
823 346 912 380 hanc

149 409 222 432 non
258 409 363 432 unam
401 396 658 433 accusationem
701 396 910 432 instituent:

149 446 321 483 videlicet
349 447 564 489 Flaipertum
595 448 775 491 Judicem,
813 442 914 482 simul

151 497 322 544 appellari
358 497 492 543 Miffum
527 499 647 533 Domni
684 498 944 544 Imperatoris,1

150 546 258 595 idque
280 561 349 582 non
378 547 481 584 semel
503 549 641 597 repeti3
667 550 806 583 bannum
826 561 908 594 quo·

151 610 218 643 que
260 599 379 633 Domni
415 600 614 645 Imperatoris
651 599 912 645 promulgatum

151 647 271 683 fuisse:
302 648 354 683 uti
379 650 412 683 ὃ(
438 653 605 684 Cameram
633 650 748 684 Domni
776 651 908 694 [mpera-

151 698 228 732 toris
256 709 517 748 memoratam;
554 713 662 744 quum
691 709 807 734 tamen
837 701 910 733 An·
956 702 995 736 B*

152 760 200 783 no
240 750 458 785 MLXXIH.
499 763 569 797 qno
612 750 739 793 scripta
780 749 913 784 dicitur

152 798 308 842 Charta,
350 799 439 835 citra
473 813 616 835 omnem
652 799 910 836 dubitationem

152 848 315 896 liqueat,
352 850 547 886 Henricum
586 852 650 885 IV.
676 850 911 892 Germaniae,

152 912 192 934 ac
229 899 355 935 ltaliae
392 903 551 948 Regem,
585 900 740 935 nondum
780 902 911 935 Romae

152 959 359 985 coronatum
373 978 384 993 ,
404 951 559 986 nondum
581 960 761 999 propterea
783 963 910 985 nomen

152 1000 380 1047 Imperatoris
416 1001 620 1037 assumsisse.
659 1002 716 1036 Ad
753 1001 836 1035 haec
873 1000 910 1036 in

151 1049 250 1084 vivis
284 1060 384 1084 erant
418 1064 459 1085 eo
495 1052 606 1086 adhuc
635 1053 743 1086 Anno
779 1051 913 1085 Beatrix

151 1096 282 1143 Ductfl'a
297 1099 448 1142 Tusciae,
466 1100 656 1135 Mathildis
673 1110 805 1142 mater,
824 1114 910 1147 quae

151 1161 270 1195 regere
296 1147 497 1183 Marchiam
526 1149 680 1195 solebat,
708 1152 762 1186 uti
789 1152 823 1185 ὅ(
850 1154 911 1184 Go-

152 1198 296 1241 defridus
323 1201 399 1233 Dux
425 1198 616 1235 Mathildis
642 1201 813 1236 maritus.
837 1203 912 1237 Cur

154 1261 238 1296 ergo
265 1248 367 1289 heic,
394 1259 518 1285 neutro
545 1263 587 1285 ex
616 1250 664 1285 iis.
690 1262 910 1294 memorate,

155 1312 223 1334 una
251 1299 440 1335 Mathildis
461 1300 732 1336 denominatur?
760 1301 823 1337 Sed
850 1315 912 1337 nos

153 1349 193 1385 in
221 1349 376 1385 censu-ras
404 1364 657 1399 nonnunquam
686 1351 798 1387 nimia
828 1351 910 1388 faci-

154 1400 258 1435 litate
284 1401 521 1448 erumpimus,
547 1402 641 1450 quod
668 1402 756 1438 ritus
783 1404 817 1438 δ(
840 1416 912 1438 mo-

153 1464 206 1486 res
231 1460 389 1486 veterum
419 1466 539 1500 parum
569 1452 762 1502 perspe&os
791 1453 913 1489 habea-

153 1513 256 1536 mus·
294 1501 380 1536 Alia
408 1514 636 1540 monumenta
673 1504 914 1540 Florentinius

155 1551 194 1588 in
214 1550 301 1586 Vita
328 1552 520 1589 Mathildis
545 1554 720 1602 protulit,
745 1569 833 1603 quae
853 1554 913 1591 hu-

157 1601 213 1648 jus
227 1614 365 1647 quoque
380 1602 637 1650 ingenuitatem
655 1615 817 1641 tuentur.
834 1605 914 1640 Illic

157 1651 195 1686 in
223 1650 429 1697 Appendice
455 1665 532 1700 pag.
559 1666 641 1698 127.
668 1655 801 1690 Charta
829 1656 914 1703 legi-

156 1709 218 1736 tur
238 1699 365 1745 scripta
388 1702 495 1736 Anno
523 1705 683 1738 MLXII.
703 1705 737 1737 &
759 1704 799 1738 ad
828 1704 915 1739 hanc

156 1749 268 1798 ipsam
305 1751 458 1785 Eritham
491 1751 694 1797 Abbatiffam
736 1752 915 1798 spet'stans.

158 1802 199 1836 In
227 1800 358 1835 duabus
395 1800 539 1836 Chartis
567 1803 667 1837 Anni
703 1804 916 1839 MLXVIII.

157 1851 315 1886 occurrit
341 1850 434 1885 idem
463 1852 647 1898 Flaipertus
674 1852 792 1898 Milsus
819 1857 912 1888 Dom-

159 1902 193 1936 ni
221 1901 447 1949 Imperatori53
486 1902 548 1949 qui
583 1903 691 1938 etiam
730 1902 822 1938 infra-
859 1917 913 1952 ap·
946 1906 947 1909 ’

158 1953 310 2000 pellatur
337 1950 454 1996 Missus
481 1953 605 1999 Regis:
639 1953 761 2001 ibique
788 1953 917 1998 pariter

157 2002 298 2038 mentio
331 2001 376 2037 est
411 2005 562 2037 Gamerae
595 2005 715 2038 Domni
749 2006 914 2051 Imperato-

157 2053 205 2087 ris
220 2067 241 2095 ‚·
279 2065 389 2100 quum
433 2062 551 2089 tamen
595 2055 706 2096 Regio
746 2054 916 2090 duntaxat
952 2055 980 2088 E

157 2103 270 2138 titulo
309 2112 394 2138 tunc
434 2102 605 2139 frueretur
641 2104 818 2140 Henricus
854 2107 916 2140 IV.

158 2154 192 2187 δ(
234 2152 353 2200 jandiu
389 2153 508 2190 vivere
549 2154 694 2190 desiisset
742 2155 916 2190 Henricus

159 2205 224 2238 ΙΙΙ.
253 2202 426 2251 Augustus
453 2205 526 2252 ejus
553 2214 669 2253 pater.
699 2208 774 2253 Ego
804 2205 911 2241 Placi-

159 2262 236 2289 tum
276 2253 432 2289 Lucense
465 2255 553 2290 dabo
582 2257 599 2290 a
627 2256 795 2297 Godefrido
831 2259 916 2291 Duce
943 2276 945 2278 ·

159 2303 319 2339 habitum
355 2308 459 2340 Anno
493 2307 677 2342 MLVIIL
713 2307 764 2342 Ibi
793 2321 858 2340 cum
885 2320 915 2340 eo

159 2354 312 2393 residebat
327 2355 508 2401 FIaIpertus
515 2360 544 2401 J
547 2359 625 2392 udex
640 2358 682 2391 (9-
693 2355 809 2402 Mt'ffus
820 2360 901 2392 Dom

161 2405 196 2440 ni
225 2405 420 2443 Imperatoris
448 2406 517 2453 jamv
536 2410 556 2442 ὲ
576 2407 669 2443 vivis
689 2407 820 2455 erepti.
841 2409 915 2443 Aut

161 2469 243 2502 ergo
265 2455 463 2492 Flaioertus
481 2457 521 2492 ab
545 2458 704 2494 Henrico
729 2458 822 2494 inter
842 2460 912 2493 Au·

161 2506 273 2556 gustos
301 2506 459 2543 Secundo
485 2507 613 2545 Missus
645 2508 761 2546 fuerat
793 2508 916 2545 consti·
945 2526 947 2529 ⁴

1016 292 1096 328 dum
1127 292 1264 339 fuerat;
1300 304 1358 326 aut
1387 294 1465 327 aliis
1495 296 1599 329 liceat
1629 293 1744 328 dicere
1764 317 1774 333 ,

1017 344 1035 378 ὲ
1065 342 1228 380 Notariis
1253 341 1405 376 indoffis
1440 342 1535 377 hasce
1565 345 1702 378 umbras
1731 354 1775 376 ex

1016 392 1203 429 oscitantia
1231 392 1331 427 fuisse
1358 401 1511 426 creatas.
1551 395 1642 427 Nam
1681 391 1777 440 quod

1018 443 1064 479 est
1088 443 1128 479 ad
1158 442 1396 486 Mathildem,
1435 441 1506 490 post
1542 452 1689 477 mortem
1719 456 1778 489 pa-

1019 494 1083 530 tris
1096 523 1108 536 ,a
1132 494 1168 529 in
1198 493 1306 536 ipsam
1335 505 1477 540 quoque
1499 490 1634 526 transsit
1659 492 1778 527 aufito-

1019 548 1103 580 ritas
1135 544 1266 591 Ducis;
1295 543 1345 578 ita
1374 553 1411 578 ut
1440 542 1638 585 interdum,
1668 551 1778 577 matre

1021 594 1179 638 absente,
1222 594 1297 629 afi'ta
1340 593 1467 628 faceret
1509 592 1587 627 suae
1627 590 1779 626 consona

1019 645 1212 693 dignitati.
1239 643 1300 680 Sed
1330 653 1524 691 repetamus
1553 642 1642 677 iter.

1072 698 1111 730 In
1139 696 1310 731 ambobus
1344 694 1438 728 hisce
1468 692 1611 728 Placitis
1647 692 1714 737 iarn
1743 704 1780 726 a·

1020 746 1279 781 nimadvertere
1293 744 1409 792 potuit
1428 743 1578 785 Lector,
1595 755 1683 790 quae
1702 755 1781 790 par-

1021 806 1070 832 tes
1089 797 1244 841 Judicum
1271 795 1385 831 forent
1402 821 1410 829 .
1447 797 1516 829 Eos
1544 793 1653 829 etiam
1680 791 1781 827 vide-

1021 846 1067 882 rit
1095 847 1147 882 ibi
1172 845 1351 881 distinetos
1377 846 1395 880 a
1416 844 1614 886 Causidicis,
1642 842 1708 878 hoc
1733 841 1782 878 est

1021 898 1039 931 a
1076 897 1264 932 caussarum
1305 895 1482 938 patronis,
1519 895 1638 942 quales
1675 893 1780 928 habe-

1022 960 1098 982 mus
1125 949 1157 982 8<
1187 961 1268 982 nos.
1298 949 1417 992 Quum
1447 945 1558 991 igitur
1585 944 1634 979 rei
1664 943 1780 990 publi-

1022 1011 1081 1033 cae
1117 997 1307 1045 plurimum
1344 996 1520 1032 interesset
1546 996 1579 1030 &
1610 993 1780 1040 justitiam

1022 1048 1113 1083 recste
1141 1047 1329 1084 ministrari
1343 1075 1357 1090 ‚,
1390 1048 1421 1081 8<
1452 1045 1644 1093 aptissimos
1673 1044 1713 1079 ad
1742 1043 1780 1079 id

1022 1099 1180 1134 muneris
1205 1098 1298 1132 viros
1326 1096 1511 1138 constitui,
1549 1094 1687 1130 Italicis
1713 1096 1782 1128 Re-

1021 1149 1123 1196 gibus
1150 1160 1251 1183 curae
1278 1155 1352 1182 erat
1377 1146 1556 1194 deligere,
1593 1157 1680 1191 quos
1708 1156 1783 1178 me-

1021 1199 1127 1233 liores
1155 1198 1347 1245 putabant.
1383 1197 1532 1232 Nobiles
1561 1192 1782 1241 potiffimum.

1022 1247 1280 1295 praeferebant,
1300 1246 1427 1294 quibus
1446 1247 1480 1281 &
1501 1244 1688 1280 honestatis
1707 1257 1781 1279 ma-

1021 1299 1079 1347 jor*
1111 1311 1214 1341 cura,
1249 1299 1284 1333 ὃς
1321 1297 1442 1332 minor
1474 1295 1629 1331 sordidae
1667 1294 1783 1330 avari-

1021 1348 1098 1384 tiae*
1121 1348 1248 1384 secreta
1277 1347 1469 1396 persuasio,
1506 1347 1614 1394 quarn
1648 1344 1780 1380 humili

1022 1400 1106 1434 loco·
1131 1400 1244 1440 natis,
1272 1399 1336 1433 esse
1365 1397 1567 1433 consuevit.
1603 1397 1658 1431 At
1692 1409 1780 1443 quo-

1021 1449 1121 1485 niam
1145 1449 1246 1497 origo
1277 1448 1422 1484 Nobilis
1449 1448 1488 1483 ad
1518 1446 1609 1482 reRa
1648 1446 1780 1494 judicia

1020 1499 1161 1536 ferendas
1185 1513 1258 1535 non·
1283 1498 1434 1542 sufficit,
1463 1497 1654 1534 Scientiam
1683 1509 1780 1544 prae-

1020 1560 1137 1594 terea,
1173 1550 1412 1598 Sapientiam,
1449 1558 1552 1596 atque
1589 1546 1692 1595 ipfius
1721 1549 1779 1582 Sa-

1021 1601 1174 1649 pientiae
1204 1600 1350 1636 initium
1388 1599 1457 1635 five
1484 1599 1749 1634 fundamentum
1768 1624 1781 1640 ‚

1020 1652 1188 1687 timorem
1225 1651 1321 1693 Dei,
1358 1651 1546 1698 exigebant
1581 1649 1622 1684 in
1656 1648 1781 1684 iisdem

1020 1702 1222 1744 Judicibus.
1261 1704 1489 1736 Sacramento
1521 1712 1661 1747 quoque
1696 1699 1780 1733 illos

1021 1751 1249 1794 obligabant,
1288 1761 1327 1786 ut
1353 1753 1372 1785 a
1401 1751 1605 1786 muneribus
1629 1762 1667 1784 ac
1706 1762 1780 1795 per·

1021 1799 1124 1834 verfis
1161 1800 1342 1835 affee‘cibus
1379 1800 1444 1835 sibi
1477 1808 1662 1842 caverent,
1698 1799 1732 1833 8<
1761 1799 1783 1832 ὲι

1023 1849 1297 1897 procrastinanda
1310 1849 1440 1897 justitia
1451 1849 1658 1884 abstinerent
1669 1875 1677 1882 .
1693 1850 1784 1884 Sunt

1023 1900 1060 1935 in
1089 1899 1176 1935 hanc
1205 1913 1280 1935 rem·
1305 1900 1473 1935 salutares·
1497 1901 1603 1947 plane
1626 1900 1660 1933 8<
1687 1898 1784 1945 opti-

1023 1963 1098 1985 mae
1135 1952 1251 1998 Leges
1283 1951 1303 1985 a
1330 1950 1476 1985 Francis
1508 1948 1782 1998 Imperatoribus

1022 2000 1058 2036 in
1081 2001 1186 2036 Italia
1202 2000 1430 2043 constitutae,
1452 2009 1555 2047 atque
1576 2001 1668 2035 inter
1687 2001 1782 2035 Lan-

1022 2050 1225 2099 gobardicas
1253 2050 1387 2086 editae.
1416 2052 1513 2085 Haec
1541 2050 1644 2085 habet
1672 2052 1783 2085 Caro-

1023 2103 1076 2137 lus
1104 2103 1255 2149 Magnus
1283 2101 1320 2136 in
1351 2104 1443 2149 Lege
1470 2102 1583 2136 XXII.
1614 2102 1707 2136 Part.
1736 2101 1782 2135 IL

1023 2151 1134 2187 Tomi
1163 2153 1191 2186 1.
1218 2154 1297 2186 Rer.
1334 2152 1486 2187 Italicar.
1513 2152 1669 2196 Iudices,
1705 2152 1784 2186 Ad-

1023 2203 1148 2245 vocati,
1176 2201 1371 2248 Praepositi,
1395 2203 1600 2244 Centenarii,
1628 2201 1785 2244 scabini,

1024 2253 1132 2299 quales
1146 2252 1282 2286 meliores
1299 2252 1443 2286 inveniri
1456 2250 1599 2298 poffunt,
1621 2252 1664 2284 &
1679 2254 1785 2285 Deum

1025 2304 1190 2346 timentes,
1225 2302 1450 2344 constituantur
1475 2303 1520 2336 ad
1547 2302 1608 2346 sua
1643 2300 1783 2343 ministe-

1025 2355 1074 2388 ria
1113 2354 1305 2388 exercenda.
1343 2352 1440 2388 Audi
1480 2353 1515 2387 δε
1555 2351 1784 2389 Ludovicum

1026 2404 1151 2447 Pium,
1179 2404 1280 2448 cujus
1303 2402 1385 2438 haec
1414 2402 1494 2438 sunt
1517 2405 1620 2438 verba
1648 2402 1685 2437 in
1713 2404 1784 2439 Le-

1025 2469 1066 2504 ge
1094 2454 1359 2503 Langobardica
1397 2455 1496 2490 LVI.
1530 2457 1580 2489 De
1605 2454 1783 2499 judicibus

1023 2516 1150 2549 autem,
1185 2505 1239 2540 vel
1275 2504 1475 2541 Centenariis
1488 2531 1502 2549 ‚
1535 2515 1629 2552 atque
1663 2505 1782 2539 Tribu-

1656 2568 1736 2599 ms,
