2185 3027
253 243 329 290 189
520 231 1004 278 DIJSERTATJO

1067 216 1471 288 mmmmmx-

1670 265 1751 303 190

184 297 369 344 spondimus
395 292 486 329 vobis
520 294 614 329 annis
634 293 776 339 singulis
802 292 948 327 hiberna·
987 299 1034 334 Al
1058 297 1134 333 dica
1162 298 1313 333 edixerit
1330 325 1340 342 ‚
1376 311 1411 333 ut
1437 306 1540 338 Comes
1567 307 1692 341 palatii
1719 306 1813 349 „ostri

189 349 283 382 ticam
311 357 439 393 argento
466 345 565 380 Libra
593 357 656 378 una
682 345 726 378 ad
747 354 840 389 parte
866 348 949 378 San-

189 397 236 432 fio
262 398 412 439 Ger-uasto
440 397 507 430 &c.
534 394 620 431 Alia
657 395 816 442 exempla
853 407 949 441 prae-

188 449 375 493 termitto,
403 459 509 483 unum
532 446 598 481 hoc
622 444 870 480 tantummodo
891 445 946 479 ad-

189 499 352 542 diturus,
389 510 513 546 nempe
549 510 728 532 occurrere
764 494 948 542 Mancipia

189 549 344 593 Bencficii
371 548 479 584 titulo
506 547 614 583 alicui
639 547 788 590 donata,
817 548 883 580 hoc
904 545 949 580 est

190 601 229 634 ea
245 599 449 635 conditione
461 627 471 643 ‚
493 608 531 634 ut
548 598 618 647 post
634 596 840 646 accipientis
856 609 946 630 mor-

190 658 263 686 tem
292 651 330 686 in
351 651 488 698 plenam
511 648 661 685 Domini
681 647 806 684 direffl
827 645 948 695 posses-

192 701 321 736 slonem
354 701 517 737 redirent.

241 751 415 799 Equidem
443 751 632 799 optassem,
669 759 708 786 ut
735 746 948 785 luculentius
991 754 1016 787 Β

191 803 387 848 constaret,
424 803 550 849 quibus
586 800 741 844 ritibus,
778 798 950 847 quibusve

190 853 333 896 verbis,
356 852 482 900 *pactis
499 880 509 896 ‚
545 853 579 887 δε
608 851 738 887 tabulis
766 860 847 885 ante
874 851 948 883 An-

191 917 276 939 num
304 905 321 938 ὲ
351 903 490 939 Christo
517 911 601 937 nato
622 900 852 936 Millefimum
876 899 949 943 Vas-

183 954 216 995 Ji
237 953 547 996 constituerentur,
565 951 681 998 eisque
702 950 862 994 Beneficia
883 957 950 983 tra-

191 1004 378 1053 derentur;
407 1004 486 1039 inde
508 1003 602 1038 enim
624 1001 809 1038 certiorem
835 999 948 1034 hauri-

189 1067 305 1090 remus
316 1056 430 1090 lucem
443 1054 482 1089 ad
495 1052 766 1102 dignoscendum
780 1079 789 1094 ,
802 1064 843 1085 an
856 1049 948 1084 idem

189 1106 294 1150 plane
329 1104 461 1138 fuerint
497 1104 723 1150 antiquorum
763 1099 948 1144 Beneficia,

189 1154 223 1188 δ(
262 1152 543 1199 subsequentium
582 1163 778 1200 temporum
816 1154 948 1185 feuda.

190 1205 324 1238 Verum
352 1202 430 1238 heic
470 1201 622 1237 Chartae
658 1216 720 1237 nos
758 1201 948 1244 deficiunt,
992 1203 1023 1237 C

189 1253 328 1290 fortasse
356 1253 449 1301 quod
470 1252 640 1287 Ecclefiae
660 1253 693 1287 &
714 1251 948 1294 Monasteria,

189 1305 208 1340 ὲ
237 1317 381 1351 quarum
413 1303 490 1339 unis
517 1302 625 1338 ferme
646 1302 816 1338 Archivis
838 1300 946 1335 Char-

189 1363 304 1390 tarum
333 1354 486 1402 supellex
515 1353 674 1397 superstes
704 1354 849 1401 petenda
877 1349 946 1393 est,

189 1404 420 1440 conceffiones
449 1404 707 1440 Beneficiorum
746 1400 946 1449 praesertim

186 1456 377 1492 Laicorum
408 1456 646 1505 negligerent:
687 1455 823 1490 subiato
851 1454 945 1486 enim

186 1507 205 1541 ’ὲ
233 1505 328 1541 vivis
356 1506 523 1541 Beneficii
563 1505 762 1554 possessore,
801 1502 946 1538 fundum
973 1543 976 1552 Ι

187 1556 310 1591 Senior
346 1556 563 1602 recipiebat,
602 1555 663 1589 nisi
691 1569 734 1589 ex
762 1554 941 1598 indulgen·
971 1556 974 1590 Ι

187 1605 239 1639 tia
267 1605 324 1639 sua
352 1605 511 1639 eumdem
550 1604 756 1651 elargiretur
791 1600 946 1636 defunffi

187 1653 260 1689 viri
288 1653 490 1689 heredibus.
527 1656 697 1688 Attamen
725 1666 811 1701 quae
841 1664 947 1699 pauca

186 1703 317 1745 innui,
354 1704 427 1751 ejus
455 1704 545 1739 mihi
583 1703 748 1738 videntur
784 1702 945 1745 roboris,

186 1763 225 1790 ut
253 1754 423 1789 continuo
445 1754 670 1801 antiquorum
692 1752 852 1796 Beneficia
873 1761 944 1786 tarn

185 1803 289 1839 facile
318 1803 519 1851 accipienda
547 1817 618 1839 non
647 1804 711 1838 sint
739 1816 800 1851 pro
821 1801 943 1837 iisdem

184 1867 228 1890 ex
265 1854 363 1889 omni
402 1863 498 1902 parte
535 1854 677 1897 feudis,
714 1866 801 1900 quae
840 1853 943 1900 poste-

183 1905 256 1941 rior
283 1915 376 1940 aetas
406 1904 586 1952 usurpavit
603 1919 623 1948 ,·
658 1918 769 1951 neque
800 1903 883 1947 Vaffi
909 1904 941 1938 δε

187 1954 321 1999 Vaffalli
357 1965 438 1990 ante
479 1957 619 1990 Annum
648 1956 666 1990 a
695 1954 832 1991 Christo
861 1963 942 1988 nato

184 2005 416 2042 Millefimum
464 2005 571 2041 iidem
616 2005 794 2053 judicandi
842 2006 942 2052 plane

184 2057 277 2100 sint,
306 2066 410 2104 atque
439 2055 574 2100 Valfallt'
612 2055 847 2103 subsequentis
889 2069 943 2091 ae-

184 2107 248 2143 vi.
277 2109 443 2142 Ceterum
472 2106 584 2142 Vaffis
608 2108 861 2155 Imperatorum
883 2116 943 2142 aut
987 2121 1015 2154 E

188 2160 322 2205 Regum
352 2156 534 2192 accedebat
562 2159 713 2193 multum
742 2157 884 2193 honoris
904 2171 943 2193 ac

186 2207 387 2257 privilegii.
424 2207 567 2256 Quippe
602 2208 878 2244 animadvertere
905 2208 942 2244 in

184 2272 264 2302 cos,
293 2271 482 2306 eorumque
510 2258 669 2306 personas
698 2259 739 2294 ad
773 2259 941 2305 judicium

185 2309 282 2345 suurn
312 2308 468 2352 trahere,
497 2310 658 2353 Comiti,
686 2310 833 2358 aliisque
862 2310 942 2346 Rei-

186 2360 346 2408 publicae
373 2359 545 2395 Ministris
568 2361 715 2396 minime
736 2361 862 2397 licuit:
887 2361 941 2397 sed

185 2423 304 2446 eorum
334 2410 463 2444 caussae
484 2420 586 2458 atque
608 2411 770 2459 personae
791 2411 852 2447 uni
875 2414 942 2447 Im·

184 2460 379 2510 peratoris,
421 2469 481 2496 aut
517 2461 650 2508 Regis,
687 2472 747 2498 aut
787 2463 943 2499 Comitis

185 2511 314 2547 Palatii
344 2510 476 2559 judicio
498 2510 676 2548 suberant.
699 2515 814 2549 Immo
835 2527 942 2562 quum

182 2563 330 2599 Carolus
358 2563 411 2596 Μ.
439 2561 477 2597 in
510 2565 604 2611 Lege
645 2575 704 2610 43.
741 2566 942 2614 Langobar.

287 2616 374 2647 Tom.
404 2615 447 2648 II.

1056 348 1261 395 potentiorum
1296 348 1413 393 cauffas
1441 351 1510 391 fine
1546 356 1645 396 nostra
1681 358 1812 403 juffione

1049 399 1149 442 finire
1176 413 1235 433 non
1258 399 1468 446 praesumat:
1505 400 1564 436 sub
1591 407 1732 443 nomine
1756 418 1814 454 po.

1058 450 1224 484 tentiormn
1261 450 1382 486 Vaffos
1419 449 1510 498 ipsos
1551 457 1811 501 comprehensos

1057 500 1196 549 opinari
1224 499 1272 535 fas
1301 500 1364 535 est.
1395 502 1445 536 At
1473 501 1555 548 quia
1583 508 1743 541 nonnulli
1768 521 1811 543 ex

1059 552 1103 586 iis
1132 551 1325 599 pertinaces
1353 551 1530 587 interdum
1558 562 1655 587 erant
1683 554 1719 588 in
1748 558 1813 591 cri-

1058 601 1234 645 minibus,
1262 602 1295 636 &
1322 614 1534 649 quamquam
1556 603 1685 638 moniti
1707 605 1725 637 a
1745 606 1816 639 Cc.

1058 652 1167 696 mite,
1195 652 1307 687 immo
1332 654 1365 687 8<
1388 652 1596 700 quandoque
1616 653 1816 689 anathema-

1058 711 1092 738 te
1129 704 1171 738 ab
1207 702 1382 751 Episcopo
1419 704 1561 751 perculsi
1583 732 1593 749 ,
1636 704 1816 751 utriusque

1061 753 1224 788 Praesidis
1253 766 1375 788 vocem
1412 756 1706 798 contemnebant,
1744 757 1817 790 Lo-

1059 803 1191 839 tharius
1229 805 1255 838 Ι.
1284 804 1458 852 Augustus
1494 808 1589 854 Lege
1620 808 1696 840 XV.
1726 805 1818 841 inter

1060 854 1341 902 Langobardicas
1369 854 1573 891 facultatem
1610 855 1816 892 Comitibus

1061 904 1236 947 contulit,
1257 912 1296 939 ut
1316 904 1352 939 in
1373 905 1543 954 ejusmodi
1571 917 1817 950 contumaces,

1062 955 1172 989 minas
1213 955 1247 989 ὃ(
1289 968 1382 991 arma
1419 956 1570 1005 justitiae
1606 966 1817 1001 exererent,

1061 1005 1210 1040 certiore
1237 1013 1354 1040 tamen
1384 1008 1477 1054 prius
1508 1008 1669 1056 Principe
1701 1007 1817 1050 facio,

1061 1057 1165 1103 quarn
1194 1058 1231 1090 in
1260 1055 1402 1092 vincula
1431 1071 1488 1093 eos
1517 1059 1750 1105 conjicerent.
1779 1057 1819 1091 Si

1056 1117 1112 1152 pro
1138 1107 1327 1153 quibuslibet
1353 1108 1481 1152 cauffis‚
1509 1110 1629 1154 culpis,
1649 1119 1741 1154 atque
1760 1108 1820 1141 cri-

1060 1157 1196 1190 minibus
1233 1156 1314 1202 (ita
1340 1156 1403 1191 ille
1430 1157 1578 1205 statuit)
1614 1170 1819 1204 quaecumque

1055 1207 1186 1252 persona
1212 1207 1325 1239 totiens
1351 1217 1486 1252 correpta
1507 1207 1608 1250 suerit
1625 1234 1634 1251 ‚
1662 1218 1697 1241 ut
1723 1208 1819 1241 etiam

1059 1255 1367 1290 excommunicatione
1402 1257 1585 1304 Episcopali
1607 1268 1664 1303 pro
1690 1268 1821 1292 contem·

1055 1317 1114 1352 ptu
1140 1306 1240 1351 digna
1267 1305 1446 1340 habeatur:
1481 1308 1630 1342 Comitem
1651 1308 1745 1353 suum
1772 1310 1820 1341 E.

1056 1356 1196 1402 pis-”opus
1229 1355 1295 1397 sthi
1324 1356 1419 1400 societ
1438 1385 1448 1401 ‚
1491 1359 1534 1391 (9¹
1569 1369 1626 1405 per
1661 1360 1819 1393 amborum

1059 1406 1230 1451 consensum
1257 1405 1435 1450 hujusmodi
1461 1409 1671 1455 distringatur
1688 1421 1820 1444 contem-

1059 1467 1131 1500 tor,
1159 1467 1194 1490 m*
1215 1456 1345 1501 juſjioni
1371 1458 1521 1505 Episcopi
1540 1459 1595 1504 sui
1621 1460 1762 1494 obediens
1789 1475 1820 1494 c.

1060 1506 1176 1548 xistat.
1214 1507 1307 1542 Infra
1335 1507 1455 1542 addit:
1494 1509 1533 1543 Si
1567 1520 1671 1544 autem
1709 1510 1819 1555 Vaffus

1058 1557 1155 1598 noster
1182 1557 1216 1590 in
1244 1558 1300 1592 bac
1326 1558 1417 1604 calpa
1437 1559 1539 1603 suerit
1573 1560 1705 1607 lapsus,
1736 1561 1820 1602 sicut

1051 1607 1171 1653 supra,
1209 1608 1230 1641 ὰ
1256 1607 1375 1641 Comite
1401 1609 1610 1656 distringatur
1626 1637 1634 1645 .
1671 1614 1766 1657 Qod
1787 1612 1818 1654 ft

987 1663 1019 1696 D
1057 1671 1124 1690 eum
1152 1671 1210 1691 non
1237 1658 1397 1701 audierit,
1426 1660 1513 1694 nobis
1540 1661 1722 1706 nuntietur,
1758 1676 1819 1697 an-

1056 1718 1179 1753 tequam
1207 1709 1240 1742 in
1267 1708 1409 1743 vinculis
1435 1711 1602 1747 mittatur.
1632 1713 1730 1747 Haec
1758 1726 1819 1748 au-

1058 1767 1126 1792 tem
1165 1757 1254 1793 illud
1296 1759 1404 1794 etiam
1445 1760 1632 1805 indicant,
1668 1775 1740 1797 non
1776 1763 1815 1798 in

1058 1808 1151 1841 Aula
1179 1809 1317 1842 tantum
1346 1809 1477 1857 Regia,
1506 1811 1559 1846 sed
1590 1825 1648 1858 per
1676 1812 1817 1848 univer-

1057 1856 1106 1891 sas
1136 1858 1249 1905 Regni
1278 1859 1505 1902 Provincias,
1534 1861 1631 1897 fuisse
1660 1862 1815 1910 Regibus

1058 1917 1161 1954 atque
1189 1909 1461 1956 Imperatoribus
1490 1911 1610 1946 vassos
1627 1938 1637 1955 ,
1674 1912 1740 1947 hoc
1768 1913 1815 1948 est

1058 1957 1262 1993 honor-arios
1291 1962 1481 2004 Famulos,
1510 1961 1633 1997 iisdem
1662 1961 1813 1998 fruentes

1060 2008 1285 2057 privilegiis,
1314 2010 1505 2058 eodemque
1534 2014 1667 2059 Regum
1698 2023 1816 2062 patro.

1056 2058 1178 2103 cinio,
1219 2071 1290 2106 quo
1317 2060 1424 2095 ceteri
1460 2061 1501 2096 ad
1540 2062 1670 2098 Palatii
1708 2063 1814 2100 servi-

1056 2108 1146 2144 tium
1175 2109 1346 2146 constanti
1373 2110 1496 2146 ordine
1523 2111 1700 2148 adhibiti.
1729 2115 1815 2149 Pro.

1056 2168 1171 2207 pterea
1191 2159 1228 2195 in
1250 2160 1406 2208 antiquis
1434 2162 1673 2198 monumentis
1693 2177 1814 2200 occur.

1054 2218 1135 2245 runt
1165 2211 1248 2255 Vasfi
1274 2212 1372 2257 Regii
1398 2221 1496 2247 extra
1521 2214 1654 2248 Aulam
1678 2214 1813 2250 Princi-

1054 2260 1129 2308 pis,
1157 2261 1217 2308 qui
1244 2261 1426 2309 praecipue
1447 2262 1590 2298 honoris
1610 2263 1721 2311 gratia
1740 2266 1813 2300 Co-

1055 2310 1182 2346 mitum
1222 2311 1366 2347 Placitis
1394 2313 1552 2348 interesse
1580 2312 1809 2351 consuerunt.

1055 2363 1095 2396 In
1123 2360 1201 2408 ipsis
1228 2361 1336 2396 etiam
1365 2362 1511 2398 Placitis
1539 2376 1596 2398 eos
1617 2363 1811 2413 conspicias

1055 2411 1261 2459 praeceffiss‘e
1287 2413 1432 2448 Scabinis
1458 2413 1659 2449 Civitatum
1677 2442 1688 2459 ,
1725 2428 1812 2463 quo.

1053 2476 1131 2498 rum
1174 2472 1291 2498 tamen
1327 2464 1430 2500 valde
1469 2463 1702 2501 honorificum
1743 2465 1813 2502 fuit

1054 2526 1206 2557 munus,
1243 2522 1282 2549 ut
1313 2513 1351 2550 in
1388 2515 1606 2562 praecedenti
1645 2516 1811 2552 Disserta-

1054 2565 1152 2602 tione
1193 2563 1300 2602 dixi.
1343 2565 1444 2602 Illius
1481 2566 1589 2603 etiam
1626 2567 1811 2615 dignitatis

1157 2617 1193 2652 N
1664 2631 1760 2666 repe-q
