2185 3027
431 194 457 234 7
750 182 1139 242 ANTJQUJT.
1192 181 1415 228 MEDII
1465 186 1649 229 AEVJ
1929 190 1953 233 8

368 235 402 270 ts
432 238 527 273 enim
558 240 759 287 delegatus,
797 252 836 279 ut
864 244 985 292 ajunt,
1021 243 1134 281 fuerat
1167 246 1205 282 A
1248 246 1267 280 a
1294 245 1476 288 Ducibus,
1502 245 1801 292 Marcbionibus‚
1827 247 1861 282 &
1890 245 2014 284 Comi·

368 286 410 320 ad
449 302 524 324 eam
569 300 706 327 tanturn
745 294 1015 330 controversiam
1058 308 1132 344 per-

369 339 584 383 pendendam
615 356 652 377 ac
681 343 941 390 dijudicandam
963 359 1030 381 una
1052 359 1130 381 cum

370 386 537 426 finitimis
565 392 769 441 Episcopis.
798 394 896 430 Miffi
917 398 1001 431 verb
1021 397 1040 430 ὲ
1063 398 1126 432 Ca·

367 439 447 475 rolo
485 443 619 490 Magno
655 444 852 492 excogitati
889 445 930 480 ad
968 445 1129 482 omnium

368 487 553 527 hominum
582 494 709 530 caussas
732 495 918 531 audiendas
943 505 1048 544 atque
1072 497 1127 531 ab·

368 538 551 578 solvendas
592 543 834 594 dirigebantur
858 573 867 582 .
915 546 1127 594 Huiusmodi

366 590 456 627 ritus
498 593 734 639 instituendi,
775 595 844 632 five
887 596 1128 642 amplificandi

367 640 452 678 haec
481 644 590 680 caussa
616 645 711 684 fuit.
748 647 1010 687 Sapientiffimo
1040 648 1126 697 Regi

367 694 501 729 Carolo
542 694 593 731 sat
635 695 855 744 perspeRum
893 708 966 733 erat
993 726 1003 742 ,
1040 708 1129 747 quot

366 743 605 782 incommodis
633 760 671 781 ac
709 748 812 783 malis
848 748 981 784 artibus
1018 749 1126 784 obno-

364 794 467 830 xium
497 795 586 831 foret
609 798 824 845 Populorum
846 799 1023 847 regimen.
1053 802 1127 835 No·

365 845 440 880 stris
470 847 685 894 temporibus
722 848 845 896 utique
883 849 982 895 probi
1012 864 1050 885 ac
1077 864 1126 885 re-

365 895 416 931 &i
459 896 596 940 Judices
641 899 767 946 Populi
812 900 989 935 abundant
1016 913 1028 949 3
1071 900 1126 936 sed

366 948 466 982 nullo
485 961 638 995 unquam
657 958 813 997 tempore
829 949 1007 987 desiderati
1025 950 1126 995 sunt,

365 997 398 1030 8<
423 1011 464 1033 ne
492 1011 583 1035 nunc
611 999 753 1047 quidem
782 999 1036 1045 desiderantur,
1064 1002 1126 1049 qui

366 1048 538 1096 religioni
567 1048 627 1084 fibi
666 1063 736 1085 non
765 1060 930 1095 vertunt,
971 1053 1047 1094 plus
1075 1051 1124 1088 of-

365 1098 492 1134 ferenti
533 1100 701 1148 justitiam
745 1102 916 1145 vendere,
958 1103 991 1137 8<
1033 1115 1125 1137 com-

365 1149 651 1186 mendationibus
680 1150 828 1199 aliisque
855 1152 1018 1188 humanis
1047 1153 1126 1188 affe·
1170 1180 1173 1182 -

365 1200 481 1236 &ibus
511 1200 614 1236 linere
642 1200 674 1236 se
702 1201 838 1249 abripi,
876 1215 914 1237 ac
949 1212 1125 1252 praeterea

365 1251 678 1287 controversiarum
715 1252 822 1287 finem
856 1254 947 1288 ultra
976 1267 1125 1301 aequum

364 1302 631 1351 procrastinare.
676 1302 854 1338 Interdum
894 1316 1033 1352 quoque
1072 1304 1124 1339 in·

364 1363 527 1398 tuemur,
556 1366 667 1400 neque
695 1352 763 1388 fine
790 1366 974 1396 moerore,
1003 1354 1124 1389 vidua.

362 1417 465 1446 rum,
493 1403 752 1451 orphanorum,
788 1417 1046 1452 pauperumque
1073 1406 1124 1453 ju-

363 1468 401 1490 ra
439 1454 668 1503 peffumdari;
707 1454 824 1489 minus
862 1455 1064 1502 potentibus
1092 1469 1124 1491 e-

362 1505 452 1541 tiam
496 1518 566 1540 non
608 1517 685 1539 raro
728 1504 895 1540 insultare
933 1515 1121 1555 potentes;

362 1555 512 1603 eosque,
548 1554 611 1603 qui
647 1554 690 1590 ad
726 1555 893 1604 justitiam
928 1555 1122 1591 ministran-

362 1606 442 1641 dam
486 1606 717 1654 adleguntur,
763 1605 801 1641 in
842 1605 951 1654 ipsam
988 1606 1121 1654 potiffi-

363 1670 461 1692 mum
492 1669 632 1704 peccare
669 1655 858 1705 justitiam.
897 1656 1061 1692 Fortaffis
1089 1671 1118 1693 e·

359 1707 449 1743 tiam
479 1706 649 1755 ejusmodi
679 1708 769 1741 mala
789 1706 951 1754 graviora
979 1721 1017 1742 ac
1047 1709 1118 1755 plu-

358 1771 395 1794 ra
425 1757 518 1793 fuere
553 1757 675 1792 Caroli
713 1756 838 1804 Magni
878 1757 1121 1804 temporibus,

360 1810 465 1856 quam
495 1806 642 1843 nostris.
675 1809 795 1855 [taque
823 1806 852 1841 is
881 1806 1009 1842 salubri
1039 1820 1116 1842 con·

358 1859 437 1894 filio
464 1858 541 1894 usus
570 1857 751 1901 decrevit,
783 1858 942 1892 proceres
973 1867 1118 1904 quotan-

358 1910 413 1945 nis
456 1909 631 1957 deligere,
672 1907 798 1954 eosque
841 1908 1120 1943 extraordinaria

357 1959 524 2009 potestate
552 1958 708 1994 munitos
737 1958 774 1993 in
803 1957 1008 1993 Provincias
1037 1960 1118 1993 mit-

356 2021 457 2054 tere,
498 2019 537 2045 ut
575 2008 747 2057 quidquid
789 2007 970 2055 depravati
1015 2018 1119 2056 atque

356 2059 581 2108 inconpofiti
624 2058 828 2095 invenirent
869 2058 907 2093 in
955 2060 1118 2106 Populo,

356 2111 394 2146 in
433 2110 531 2153 foro,
567 2111 601 2145 &
639 2108 676 2144 in
713 2109 858 2156 reliquis
888 2109 1118 2156 Reipublicae

355 2161 534 2210 negotiis,
578 2160 634 2196 sua
673 2159 878 2207 prudentia,
918 2169 1023 2207 atque
1058 2173 1115 2195 au-

355 2213 522 2248 &oritate
550 2211 765 2258 corrigerent
792 2223 831 2245 ac
859 2211 1048 2246 tollerent.
1078 2210 1116 2245 Id

354 2276 494 2310 quoque
530 2262 705 2298 interdum
736 2274 835 2310 agere
861 2261 1117 2297 consueverunt

355 2312 533 2355 Romani,
571 2326 678 2359 quum
706 2324 827 2347 eorum
865 2312 1025 2360 potentia
1053 2311 1115 2346 flo-

353 2364 475 2411 rebat;
517 2362 735 2411 similemque
764 2376 869 2410 prope
897 2376 1029 2398 morem
1058 2361 1115 2397 ad·

354 2414 421 2449 huc
451 2414 579 2449 retinet
607 2412 871 2461 prudentissima
897 2416 1114 2448 Venetorum

355 2464 588 2503 Respublica.
625 2466 672 2498 Et
700 2463 816 2498 Miffis
844 2463 985 2512 quidem
1015 2463 1113 2511 huju·
1142 2466 1146 2499 Ι

354 2516 466 2551 smodi
494 2523 593 2551 tanta
619 2514 842 2550 tribuebatur
869 2514 1038 2564 potestas,
1075 2523 1115 2549 ut
1140 2501 1146 2556 Ι

1249 295 1364 339 tibus,
1384 297 1573 332 ordinariis
1592 297 1763 333 videlicet
1777 325 1786 341 ,
1807 297 1918 334 immo
1940 311 2014 345 per-

1249 346 1362 392 petuis
1394 347 1665 384 Provinciarum
1695 361 1734 383 ac
1765 348 1913 384 Urbium
1947 350 2014 383 Re-

1246 395 1431 440 &oribus,
1461 400 1598 433 nullum
1629 399 1926 446 impedimentum
1956 412 2013 434 eo-

1248 459 1324 481 rum
1368 447 1572 483 auftoritati
1614 449 1847 498 objiceretur.
1893 449 2013 484 Primo

1247 496 1282 532 id
1326 498 1483 533 rmuneris
1526 499 1774 535 demandatum
1819 499 2012 536 Nobilibus

1248 548 1360 582 Vaffis
1403 559 1507 596 arque
1548 549 1748 594 Ministris,
1791 549 1845 585 sed
1885 550 2012 598 quibus

1248 598 1386 646 angusta
1415 599 1510 634 domi
1538 613 1592 635 res
1618 609 1716 635 erat.
1755 601 1886 635 Verum
1915 600 2013 636 insti-

1246 658 1350 697 gante
1388 649 1451 684 hac
1476 650 1597 686 eadem
1637 660 1839 698 paupertate
1866 651 1906 686 ad
1943 651 2012 686 im-

1244 700 1369 747 probas
1398 700 1576 744 afflones,
1614 699 1777 748 fastoque
1804 701 2008 736 muneribus

1243 751 1347 793 loco,
1375 751 1592 799 experientia
1629 752 1774 795 docuit,
1812 750 1849 786 in
1879 751 2008 799 Populi

1245 800 1496 836 detrimentum
1535 801 1719 845 converti,
1758 801 1852 849 quod
1889 801 1926 837 in
1964 801 2009 836 il-

1246 850 1313 886 lius
1342 851 1537 886 utilitatem
1567 862 1672 899 atque
1701 851 1905 899 praesidium
1935 851 2010 887 fue-

1246 911 1298 936 rat
1326 902 1591 950 excogitatum.
1623 903 1773 937 Proinde
1802 901 2009 948 sapientiffi-

1247 965 1323 987 mus
1361 955 1558 988 lmoerator
1587 955 1694 987 Anno
1725 954 1908 988 DCCCH.
1938 952 2008 998 (iit

1245 1002 1289 1036 est
1322 1001 1358 1036 in
1387 1003 1589 1038 Annalibus
1626 1003 1875 1038 Lambecianis
1915 1005 2007 1039 Part.

1245 1064 1277 1087 2.
1304 1054 1412 1087 Tom.
1434 1055 1477 1086 11.
1502 1055 1581 1087 Rer.
1610 1052 1762 1088 Italicar.
1792 1066 1866 1101 pag.
1898 1055 2004 1101 115.)

1244 1104 1419 1137 recordatus
1445 1103 1671 1146 misericordiae
1691 1103 1770 1148 suae
1795 1105 1832 1137 de
1855 1105 2007 1150 pauperi-

1244 1155 1325 1196 bus,
1362 1153 1418 1199 qui
1445 1153 1477 1187 in
1507 1157 1618 1199 Regno
1647 1153 1706 1198 suo
1732 1164 1843 1195 erant,
1881 1154 1924 1187 θ
1947 1153 2004 1199 ju-

1236 1203 1346 1245 stitias
1367 1204 1444 1247 suas
1470 1204 1604 1247 pleniter
1621 1205 1732 1238 habere
1751 1218 1811 1237 non
1837 1214 2003 1250 poterant,

1245 1254 1346 1286 noluit
1371 1255 1410 1287 de
1437 1254 1521 1297 infra
1548 1254 1678 1288 Palatio
1704 1254 1899 1301 pauperiores
1927 1254 2005 1295 Vaf-

1238 1304 1289 1348 sos
1309 1304 1380 1348 suos
1408 1305 1620 1348 transmittere
1643 1306 1689 1339 ad
1714 1304 1860 1349 justitias
1879 1306 2003 1349 facien-

1241 1356 1317 1388 dum
1340 1365 1466 1401 propter
1491 1368 1619 1389 munera
1629 1369 1648 1397 ,·
1670 1356 1727 1399 sed
1752 1355 1848 1401 elegit
1875 1356 1907 1389 in
1936 1360 2004 1390 Re-

1239 1418 1303 1451 gno
1332 1405 1390 1450 stro
1413 1405 1690 1452 ufi'chiepiscopos,
1728 1407 1771 1440 (9⁹
1796 1406 1928 1452 reliquos
1955 1408 2005 1440 E-

1241 1456 1375 1502 piscopos
1403 1457 1445 1489 Θ·
1471 1458 1638 1499 «robertes,
1675 1469 1742 1490 cum
1769 1456 1931 1498 Ducibus,
1959 1457 2004 1490 (9⁰

1242 1506 1437 1549 C'omzitibus,
1475 1507 1529 1552 qui
1559 1505 1631 1551 jam
1656 1517 1732 1554 opus
1758 1519 1817 1540 non
1845 1507 2003 1541 habebant

1236 1556 1332 1602 super
1358 1557 1531 1590 innocentes
1557 1570 1686 1591 munera
1704 1557 1862 1603 accipere:
1888 1557 1931 1590 (9⁴
1953 1557 2004 1603 ip-

1236 1606 1288 1651 sos
1314 1606 1398 1647 milit
1430 1617 1484 1651 per
1510 1606 1690 1649 universum
1717 1611 1865 1652 Regnum
1887 1607 2003 1650 suum,

1241 1668 1277 1691 ut
1304 1656 1476 1698 Ecclesiis,
1513 1656 1650 1697 viduis,
1689 1656 1731 1689 (9⁴
1758 1656 1930 1702 orphanis,
1959 1657 2003 1690 (9⁰

1239 1707 1449 1752 pauperibus,
1488 1706 1530 1739 Θ·
1555 1705 1662 1739 ειιηὲἶο
1687 1707 1808 1751 Populo
1841 1705 2000 1748 iustitiam

1235 1756 1393 1799 facerent.
1430 1755 1610 1803 Ejusmodi
1640 1758 1722 1790 vero
1750 1754 1865 1791 Miffis
1901 1765 2000 1804 pote-

1241 1805 1303 1841 stas
1331 1807 1536 1853 plerumque
1564 1805 1783 1840 tribuebatur
1809 1805 1844 1840 in
1886 1807 2000 1850 plures

1243 1858 1352 1904 Pagos
1388 1857 1422 1891 δ(
1460 1855 1685 1899 Comitatus,
1725 1857 1760 1890 ὃ(
1802 1855 2000 1901 Msffaticum

1241 1905 1410 1955 appellari
1448 1905 1631 1941 consuevit
1666 1906 1763 1955 regio
1792 1919 1912 1941 eorum
1941 1920 2001 1942 cu-

1240 1971 1296 1992 rae
1337 1957 1393 1993 seu
1435 1956 1606 2008 legationi
1646 1956 1909 1992 commendata.
1949 1959 2000 1993 Ut

1240 2021 1323 2056 ergo
1364 2007 1421 2042 illi
1465 2007 1502 2042 in
1543 2006 1692 2054 alicujus
1734 2007 1840 2042 Urbis
1878 2020 1999 2055 agrum

1239 2058 1495 2101 adveniebant,
1534 2057 1655 2105 Regiis
1691 2057 1807 2093 literis
1843 2059 2000 2105 explica-

1240 2109 1308 2151 tis,
1338 2108 1494 2157 quosque
1521 2107 1724 2143 invitabant
1752 2108 1792 2143 ad
1820 2121 1999 2156 exponen-

1239 2160 1320 2203 das,
1358 2158 1380 2193 fi
1418 2171 1501 2205 quas
1529 2157 1724 2200 habebant,
1762 2159 1999 2206 conquerendi

1237 2222 1297 2246 aut
1323 2208 1490 2257 litigandi
1513 2208 1660 2244 caussas.
1692 2209 1806 2257 Hujus
1829 2209 1917 2244 ritus
1940 2209 1999 2244 ad-

1237 2260 1409 2296 servatum
1438 2259 1543 2294 nobis
1570 2258 1756 2307 vestigium
1786 2259 1998 2307 deprehendi

1236 2312 1271 2346 in
1290 2310 1439 2357 antiquo
1452 2310 1617 2357 exemplo
1635 2323 1861 2357 pergamenae
1876 2337 1884 2350 ‚
1901 2309 1997 2357 quod

1236 2361 1324 2397 mihi
1353 2360 1589 2409 suppeditavit
1617 2360 1816 2397 Archivum
1844 2360 1996 2408 Capitu-

1234 2414 1261 2448 li
1289 2412 1553 2448 Canonicorum
1594 2410 1903 2447 Cremonenfium.
1941 2412 1995 2446 Ita

1234 2462 1266 2499 se
1293 2463 1396 2499 habet
1425 2472 1696 2499 monumentum
1724 2461 1841 2498 illud.

1783 2546 1942 2598 Andreas
1969 2550 1972 2553 ”
