2185 3027
348 222 399 262 18

337 236 630 326 Ego7lngelbertus
655 282 820 327 Presbyter
845 292 939 328 atque
958 285 1042 316 Can·
1077 277 1109 311 A

285 329 430 363 cellarius
465 330 580 364 sanfle
615 331 806 372 Patavenfis
842 332 975 372 Ecclesie
1009 346 1044 365 ex

279 379 415 425 juffione
452 379 586 426 ejusdem
622 382 741 416 Domni
775 382 927 416 Gauslini
961 383 1041 428 Epi.

277 429 366 475 fiopi
381 457 391 474 ‚
432 430 572 475 consensu
608 432 782 466 cunHorum
817 434 1040 475 sacerdotum,

282 481 328 514 Θ·
364 480 551 515 Levitarum
587 482 667 516 hanc
701 482 888 527 conceffionis
924 485 1037 516 Cartu-

282 531 349 566 lam
376 541 502 578 rogatus
528 532 640 580 scripsi
656 559 666 576 ,
700 543 795 580 atque
825 532 893 579 post
918 532 1041 567 tradita

281 582 434 627 complevi
449 608 458 617 .

334 633 456 667 Parem
498 632 749 670 concessionem
787 633 829 668 ab
864 633 1040 668 Adelberto

279 683 434 730 ‚Episcopo
469 685 658 728 Patavina,
701 683 864 719 Gauslini
904 683 1037 731 praede-

278 733 406 769 cessore
424 732 550 769 fafflam
572 734 738 783 produxit
760 733 945 782 Ughellius
966 735 1038 769 To-

277 796 340 818 mo
369 787 412 819 V.
442 786 520 819 Ital.
558 787 647 820 Sacr.
675 785 730 819 sed
767 785 940 819 erroribus
977 798 1034 819 un·

277 833 385 881 dique
426 833 639 869 scatentem:
684 847 789 881 quam
832 833 956 869 itidem
1001 835 1037 870 in

278 883 337 919 sua
367 883 520 919 Historia
550 884 742 927 Patavina,
771 898 890 933 parum
919 894 1036 920 tamen

277 933 476 981 castigatam
495 961 504 976 ‚
532 933 645 969 rursus
673 934 837 971 exhibuit
864 935 1036 971 Sertorius

276 983 422 1018 Ursatus
443 1010 451 1018 .
487 984 580 1019 Heic
617 994 734 1020 autem
773 985 1037 1030 animadverte,

274 1033 406 1068 tabulis
427 1034 598 1070 -Gauslini
619 1035 805 1083 Episcopi,
834 1049 905 1071 non
925 1036 1036 1071 solum

273 1085 474 1127 Gandulfum
519 1086 670 1119 Comitem
718 1087 916 1129 Veronensem
962 1087 1035 1122 sub»

273 1133 444 1177 scribere,
482 1134 538 1170 cui
568 1135 683 1171 nescio
711 1149 771 1171 cur
798 1138 894 1172 locus
931 1137 1038 1173 fuerit

273 1183 313 1219 in
342 1197 383 1218 eo
410 1185 603 1234 Concili03
633 1185 686 1220 sed
715 1187 748 1220 &
778 1187 976 1223 Sacerdotes
1001 1189 1035 1223 8<

274 1233 455 1269 Diaconos
475 1249 512 1269 ex
530 1236 670 1269 Cardine
698 1237 812 1279 Urbis,
841 1236 923 1271 idest
950 1240 1033 1272 Car-

274 1284 409 1320 dinales
437 1285 660 1330 canonicos,
689 1286 744 1322 seu
774 1287 947 1322 Parochos
974 1290 1034 1322 Pa-

276 1334 418 1370 tavinae
445 1335 642 1383 Civitatis;
672 1350 740 1371 non
769 1337 863 1371 enim
892 1337 1034 1373 subscri-

275 1385 363 1420 bunt
393 1385 541 1421 Parochi
578 1386 763 1424 suburbani
791 1401 829 1421 ac
857 1387 971 1423 rustici
1000 1403 1036 1421 ex

267 1435 409 1482 singulis
435 1437 606 1479 Plebibus,
643 1438 700 1472 vel
740 1437 903 1472 Regios&
931 1452 967 1471 ex
994 1443 1031 1471 O-

273 1487 414 1529 raculis,
452 1486 534 1521 idest
571 1486 631 1534 qui
660 1488 830 1533 Capellani
865 1497 949 1523 tunc
977 1501 1031 1535 ap-

273 1537 521 1584 pellabantur,
551 1537 713 1585 praefeffli
742 1538 946 1581 Oratoriis‚
976 1537 1031 1573 seu

272 1587 436 1622 Ecclesiis
473 1587 672 1631 ruralibus,
716 1588 812 1623 Plebi
843 1587 1031 1632 subjefflis,

272 1651 484 1685 quamquam
513 1638 661 1673 univerfi
684 1637 796 1674 eidem
819 1638 958 1684 Synodo
980 1639 1031 1674 in-

270 1689 456 1724 teressent.
494 1688 551 1723 Ad
589 1688 671 1723 haec
701 1689 916 1724 subscribunt
945 1702 1030 1723 non-

270 1738 363 1773 nulli
394 1742 440 1773 Va
466 1753 476 1773 ι
512 1738 649 1784 ejusdem
676 1740 827 1774 Gauslini
855 1739 1030 1785 Episcopi,

269 1788 406 1824 nobiles
434 1802 557 1833 nempe
583 1789 687 1833 Viri,
716 1789 899 1824 famulatui
932 1791 1029 1824 Prae-

267 1838 352 1874 sulis
389 1839 544 1881 addiffl,
583 1840 644 1887 qui
682 1840 719 1874 ezi
755 1840 796 1874 de
833 1839 942 1874 caussa
979 1839 1024 1875 so·

265 1888 499 1925 lemnioribus
529 1889 578 1925 sui
617 1889 770 1925 senioris
808 1890 942 1925 aclibus
975 1890 1024 1926 inv·

243 1940 385 1976 ‘tex-effe
414 1940 688 1976 consueverunt.
718 1942 839 1987 Itaque
866 1941 936 1990 jam
959 1940 1025 1988 pri·

264 2003 389 2035 mum,
427 1991 465 2027 ni
501 1990 632 2033 fallor,
670 1990 857 2026 discrimen
894 1991 1025 2039 perspe-

263 2041 409 2083 ximus,
448 2041 541 2089 quod
570 2041 663 2075 inter
691 2050 847 2075 veterum
877 2043 1026 2076 Franco-

264 2104 341 2126 rum
372 2089 569 2135 [salsos-sive
597 2089 769 2134 Valsallos,
798 2092 830 2125 ὅ(
853 2104 910 2126 eos
938 2104 1025 2139 quos

263 2154 356 2176 nunc
386 2139 539 2186 Vaffallos
558 2142 769 2175 Feudatarios
788 2142 1002 2189 appellamus
1017 2170 1024 2184 ,

262 2191 527 2227 intercedebat.
569 2193 695 2233 Nunc,
724 2201 828 2239 atque
855 2192 872 2226 a
902 2192 1025 2228 multis

262 2241 396 2278 Seculis
437 2254 542 2277 nemo
580 2241 738 2286 Vafsallus
774 2241 1024 2287 constituitur,

261 2292 326 2328 nifi
354 2292 492 2329 ratione
531 2292 686 2337 Beneficii
722 2292 792 2328 five
821 2294 926 2328 Feudi
953 2294 1023 2329 col-

261 2343 352 2392 lati3
389 2343 479 2378 olim
509 2356 593 2378 vero
620 2342 713 2378 nihil
742 2357 828 2390 opus
866 2343 936 2379 fuit
962 2347 1022 2378 Be-

262 2393 393 2437 neficio,
421 2403 459 2429 ut
486 2392 671 2442 quisquam
702 2395 785 2438 Vaffi
812 2393 945 2429 honore
963 2393 1021 2428 do-

262 2452 423 2487 naretur,
451 2457 559 2493 quum
588 2443 624 2478 id
652 2456 777 2479 munus
805 2444 842 2479 in
872 2457 913 2479 eo
937 2444 1021 2479 dun-

260 2501 360 2530 taxat
386 2493 488 2529 fitum
517 2494 608 2529 foret
625 2521 635 2538 ‚
663 2503 703 2529 ut
730 2494 771 2529 ad
799 2493 1021 2529 famulicium

261 2545 395 2594 Regis,
422 2553 482 2581 aut
510 2546 650 2580 Ducum
667 2571 677 2589 ,
714 2544 925 2589 Comitum,
953 2545 1020 2580 διο.

1072 2075 1099 2108 Ε

638 218 1048 279 ANTJQMT.
1109 217 1342 264 MEDJJ
1394 221 1570 265 AEVJ

1773 228 1853 270 188

1158 280 1423 318 adscisceretur.
1463 283 1568 328 Quod
1610 279 1717 317 etiarn
1761 284 1913 331 apertius

1157 330 1334 380 intelligas
1362 338 1379 368 e
1409 336 1523 369 verbis
1561 332 1731 368 Monachi
1769 336 1914 382 Sangal-

1157 381 1255 416 lenfis
1291 383 1373 419 Lib.
1402 385 1429 420 Ι.
1454 385 1543 432 Cap.
1573 396 1631 419 22.
1659 383 1699 419 de
1726 384 1816 419 Gest.
1844 387 1913 420 Ca-

1155 431 1224 466 roli
1260 433 1385 482 Magni
1407 461 1416 476 ‚
1455 435 1513 470 ubi
1551 434 1592 469 de
1629 433 1780 481 quodam
1826 435 1913 481 Epi-

1157 480 1259 529 scopo
1286 483 1356 518 ait:
1389 485 1450 519 Hic
1475 485 1587 519 habuit
1614 497 1709 519 unum
1738 483 1914 531 Vaffallmn

1156 544 1215 565 non
1256 532 1423 579 ignobilem
1463 535 1581 570 civium
1614 535 1741 580 suorum
1766 562 1776 579 ‚
1815 536 1914 570 valde

1148 583 1308 623 strenuum
1335 585 1377 618 (9¹
1405 585 1620 627 industrium:
1655 587 1705 619 cui
1739 596 1843 620 tamen
1871 586 1912 619 il.

1154 633 1204 675 le,
1233 647 1270 667 ne
1294 635 1397 669 dicam
1425 639 1734 670 BENEFICIUM
1756 637 1910 681 aliquod,

1150 683 1207 726 sed
1244 697 1282 717 ne
1317 686 1418 719 ullum
1454 687 1577 731 quidem
1613 687 1785 730 aliquando
1821 686 1913 718 blan-

1078 724 1103 758 Β
1154 733 1228 766 dum
1249 733 1419 776 sermonem
1448 735 1624 780 impendit.
1654 734 1745 768 lllud
1773 734 1912 781 quoque

1156 782 1331 818 familiare
1373 783 1442 818 fuit
1469 810 1479 827 ‚
1522 792 1560 818 ut
1602 783 1760 818 Seniores
1802 783 1912 819 Vaffis

1155 832 1223 868 suis
1252 832 1467 868 Beneficium
1496 834 1639 881 aliquod
1677 833 1914 882 largirentur,

1155 897 1225 931 quo
1253 894 1369 932 gratos
1396 883 1428 919 se
1455 897 1575 919 eorum
1605 883 1749 920 servitio
1777 885 1915 933 praebe-

1155 944 1259 974 rent,
1296 947 1487 981 eorumque
1530 935 1696 982 praefidio
1739 935 1775 970 in
1814 936 1913 972 rebus

1156 983 1371 1032 potiffimum
1395 985 1531 1021 bellicis
1553 994 1752 1020 uterentur.
1781 988 1911 1021 Verum

1154 1036 1253 1070 nullo
1282 1035 1392 1071 adhuc
1421 1046 1516 1071 certo
1544 1035 1625 1070 teste
1652 1035 1791 1079 didici,
1828 1045 1912 1071 tunc

1154 1086 1199 1120 ob
1228 1086 1403 1121 Beneficia
1432 1088 1560 1122 collata
1592 1085 1695 1130 Vaffos
1720 1086 1845 1120 Seniori
1872 1085 1912 1120 fi-

1153 1136 1334 1172 delitatem
1364 1137 1512 1185 juraffe:
1552 1148 1659 1182 quum
1690 1144 1809 1169 contra
1839 1148 1912 1170 cer-

1153 1196 1228 1221 tum
1267 1186 1358 1222 mihi
1398 1186 1465 1228 fit,
1506 1186 1550 1220 Ob
1589 1183 1797 1229 Vqffatt'cum,
1843 1185 1910 1221 five

1152 1238 1396 1280 Famulatum,
1427 1235 1563 1271 Seniori
1594 1235 1792 1282 praestitum
1822 1234 1908 1271 fuis-

1151 1286 1184 1321 se
1220 1286 1370 1333 ejusdem
1408 1285 1591 1321 fidelitatis
1629 1285 1909 1321 sacramentum.

1151 1338 1307 1371 Annales
1328 1339 1539 1371 Francorum
1562 1336 1601 1371 ad
1625 1339 1768 1370 Annum
1793 1337 1910 1372 Dcc-

1151 1388 1267 1421 LVII.
1289 1387 1330 1422 de
1359 1387 1553 1432 supradicio
1582 1386 1761 1421 Tuffilone
1791 1388 1909 1431 Duce,

1148 1439 1208 1483 qui
1240 1437 1270 1472 se
1299 1439 1331 1471 in
1358 1436 1510 1483 Vaffatico
1537 1437 1799 1472 commendavit
1831 1437 1910 1485 Pip-

1151 1487 1234 1534 pino
1273 1487 1383 1535 Regi,
1420 1488 1483 1522 hec
1521 1488 1669 1523 habent:
1709 1490 1910 1522 Sacramenta

1143 1536 1274 1581 juravit
1310 1539 1410 1571 multa
1438 1539 1478 1570 Θ
1508 1539 1752 1572 innumembilia
1771 1565 1780 1580 ,
1817 1538 1910 1572 Reli.

1148 1587 1230 1632 quiis
1264 1587 1449 1621 Sanfforum
1486 1590 1670 1632 Martyrum
1705 1600 1815 1621 manus
1853 1588 1910 1620 im.

1144 1648 1257 1683 ponens
1281 1664 1288 1672 .
1330 1640 1378 1672 Et
1409 1636 1603 1681 fidelitatem
1642 1636 1782 1684 promisit
1824 1637 1910 1684 Regi

1147 1688 1310 1733 Pippino,
1341 1688 1424 1728 sicut
1462 1691 1633 1722 VASSVS
1669 1688 1752 1721 reem
1779 1698 1908 1732 mente,

1148 1738 1191 1770 ἕν
1210 1737 1313 1781 firme}
1332 1738 1517 1782 devotione,
1543 1750 1599 1785 per
1623 1738 1780 1781 justitiam
1805 1741 1911 1772 VAS.

1146 1791 1227 1822 SUS
1248 1791 1430 1823 DOMINO
1449 1789 1505 1832 suo
1529 1788 1584 1832 else
1608 1790 1746 1822 deberet.
1780 1789 1830 1821 De
1852 1801 1910 1822 eo-

1146 1840 1223 1874 dem
1244 1840 1341 1873 Duce
1357 1838 1397 1872 ad
1417 1840 1561 1872 Annum
1580 1839 1908 1873 DCCLXXXVII.

1147 1889 1277 1923 addunt
1316 1889 1472 1923 Annales
1510 1887 1692 1922 Francici:
1735 1888 1909 1929 Contrista-

1147 1950 1197 1973 tus
1224 1939 1340 1984 Taffilo
1375 1940 1467 1973 venit
1500 1949 1556 1985 per
1584 1938 1804 1984 semetIplum‚
1841 1949 1907 1972 tra.

1146 1997 1222 2023 dens
1251 1991 1286 2033 se
1322 1991 1466 2024 manibus
1501 1989 1619 2023 Domni
1658 1988 1758 2033 Regis
1796 1988 1907 2022 Caroli

1148 2040 1181 2074 in
1211 2038 1418 2085 Vaffaticum,
1456 2039 1498 2072 (9⁶
1525 2040 1654 2072 reddens
1683 2043 1839 2073 Ducatum
1860 2038 1908 2080 fi.

1146 2091 1179 2125 bi
1207 2089 1390 2136 commiffitm
1415 2091 1436 2123 ιὶ
1464 2092 1584 2123 Domno
1621 2089 1758 2135 PIppino
1794 2093 1904 2135 Rege.

1147 2143 1201 2175 En
1231 2150 1269 2176 ut
1305 2140 1397 2175 idem
1425 2140 1469 2174 ob
1512 2138 1698 2182 Vasslbticmn
1736 2140 1905 2188 jusjuran-

1147 2191 1228 2226 dum
1258 2189 1448 2238 praestitit3
1478 2190 1523 2224 ob
1552 2192 1726 2225 Ducatum
1748 2193 1831 2225 vero
1852 2191 1906 2225 ni-

1145 2241 1219 2286 hil,
1246 2241 1357 2276 immo
1384 2240 1495 2288 ipsum
1526 2242 1656 2275 (Iarolo
1688 2240 1776 2288 Regi
1798 2240 1904 2276 dimi-

1145 2292 1204 2327 fit.
1230 2292 1413 2338 Propterea
1436 2292 1519 2336 Vaffi
1541 2291 1801 2339 conjunguntur
1825 2303 1903 2325 cum

1146 2343 1331 2384 Drudihus,
1358 2341 1442 2376 idest
1470 2342 1636 2376 fidelibus
1653 2368 1661 2376 .
1699 2343 1767 2376 Eos
1796 2341 1903 2376 eriam

1144 2392 1272 2427 Fideles
1299 2392 1492 2440 appellatos
1521 2392 1694 2427 interdum
1721 2391 1903 2436 invenias,

1143 2442 1195 2478 uti
1223 2443 1256 2478 ὃ(
1285 2442 1438 2477 Saeculis
1467 2442 1728 2490 antiquioribus
1753 2442 1904 2477 vocabu-

1141 2493 1176 2527 lo
1204 2491 1422 2536 Salicorum,
1460 2494 1605 2537 Lenda,
1633 2492 1700 2528 hoc
1737 2492 1803 2535 est,
1840 2491 1904 2538 qui

1140 2542 1244 2579 fidem
1283 2543 1442 2594 Principi
1479 2544 1687 2593 obligabant
1722 2544 1755 2579 8<
1792 2541 1902 2590 subje-

1762 2592 1852 2628 &lo-
