2185 3027
258 260 338 289 201
535 237 1044 286 DISSERTATIO
1113 236 1537 285 UNDECIMA.
1674 257 1755 283 202

187 303 269 349 ficut
286 302 507 352 supradie'ium
533 302 594 345 est,
623 303 666 336 ad
689 299 858 348 profestum
880 302 949 333 Mo·
993 299 1038 336 A?
1065 309 1096 331 re
1127 297 1242 344 poffint
1258 323 1266 330 .
1304 296 1342 329 si
1378 298 1446 342 quis
1482 301 1580 345 igitur
1615 299 1686 334 huic
1722 298 1820 339 nostro

194 355 324 397 nasterii
352 357 473 397 stratas
500 352 703 388 Placentinae
732 352 825 385 Urbis
853 351 950 396 perfo-

192 407 263 441 dere
305 405 392 440 intus
431 405 473 439 (9¹
511 403 616 448 foris,
661 404 703 437 &²
743 401 954 449 aquaeduflus

194 467 253 493 aut
278 466 398 491 veteres
424 455 607 500 reformare,
645 465 702 488 aut
739 453 879 487 novellos
906 453 953 486 in-

185 508 339 551 stituere,
380 516 437 542 aut
472 519 544 554 quos
578 505 715 540 voluerit
753 505 786 538 in
821 504 954 538 alteram

188 568 313 605 partem
348 557 557 599 transmutare
588 556 655 598 fine
691 555 776 590 omni
811 554 954 600 publicae

189 608 295 656 partis
314 608 553 642 contradietione
562 621 583 650 ς
603 608 661 652 sed
680 607 726 640 ita
748 605 860 642 scilicet
876 618 952 651 pon-

194 659 281 692 tibus
307 669 364 693 aut
400 659 477 694 aliis
513 658 724 701 instrumentis
761 656 844 703 ipsae
878 656 953 690 viae

192 718 367 756 parentur,
394 720 429 745 ut
455 720 560 744 euntes
587 710 630 743 (9‘
656 711 815 743 redeuntes
838 706 952 747 transi·

1060 358 1221 395 praecepto
1248 346 1399 380 contraire
1424 356 1481 380 aut
1507 350 1632 383 obviare
1658 349 1818 391 voluerit,

1058 398 1141 444 sciat
1170 398 1205 443 J}
1232 395 1463 443 cmpostturum
1501 398 1570 429 auri
1604 401 1725 443 probati
1761 399 1821 434 Li-

1064 451 1135 485 bras
1172 459 1311 491 centum,
1350 446 1546 481 medietatem
1581 450 1732 484 Kamerae
1768 463 1821 484 no-

1056 502 1164 545 strae,
1203 500 1245 533 (9³
1271 498 1469 533 medietatem
1493 496 1636 543 praefato
1664 501 1822 542 Monaste.

1064 553 1133 586 rio.
1171 551 1266 597 Quod
1292 560 1328 584 ut
1362 548 1471 583 verius
1507 547 1649 582 credatur
1676 548 1718 580 Θ·
1746 550 1824 583 dili.

1060 602 1191 649 gentius
1226 604 1266 636 ab
1306 600 1447 635 omnibus
1486 598 1688 642 observetur,
1730 610 1824 632 manu

1064 653 1191 699 propria
1227 653 1425 694 roborantes,
1458 649 1649 697 praesentem
1674 646 1828 694 paginam

1064 707 1090 738 S
1093 704 1179 750 igini
1194 703 1288 747 nostri
1304 702 1490 750 impreffione
1499 700 1646 748 juffimus
1661 697 1828 746 insigniri.

300 914 325 946 5
327 912 435 959 ignum
456 912 575 947 Domni
593 910 777 947 Cbuonradt'
849 825 1180 1049 &ff
1216 912 1427 943 Romanorum
1448 906 1646 954 Imperatoris
1664 903 1826 953 Augusti,

1027 962 1047 991 J

252 1111 416 1144 Kadelous
440 1112 658 1146 Cancellarius
683 1112 753 1146 vice
779 1110 972 1147 Herimanni
997 1107 1234 1157 Archiepiscopi
1257 1107 1301 1142 (9⁴
1318 1104 1603 1142 Archicancellarii
1629 1100 1830 1149 recognovit„

1218 1209 1336 1245 Locus
1363 1208 1406 1250 ἦέ
1435 1202 1554 1253 sigini
1564 1228 1574 1238 .

249 1312 373 1347 Datum
401 1312 494 1346 XIII.
522 1312 663 1347 Kalend.
690 1313 843 1360 Λρνἰῖἰς,
873 1317 975 1349 2AEm0
1001 1311 1186 1347 Dominicae
1215 1306 1446 1344 Incarnationis
1474 1305 1706 1340 MXXXVHI.
1739 1300 1829 1338 Indi.

352 1361 450 1396 &ione
476 1365 573 1398 Sexta
589 1390 599 1407 ,
625 1367 727 1398 Anno
753 1364 873 1399 Domni
898 1363 1083 1398 chuonradi
1110 1360 1238 1409 Regni.
1267 1361 1354 1395 XIV.
1382 1357 1510 1405 Imperii
1537 1357 1630 1391 XIII.

251 1462 376 1499 «Atium
398 1463 495 1510 juxta
522 1465 684 1507 Perusiam
711 1465 746 1500 in
773 1465 965 1509 Monasterio
992 1464 1105 1500 Sanbii
1131 1462 1242 1506 Petri,
1267 1461 1402 1505 feliciter
1418 1485 1425 1494 .
1454 1461 1582 1494 spiren.

252 1565 384 1599 Verum
427 1566 511 1611 quia
551 1566 734 1602 conradus
776 1567 795 1599 ὲ
836 1567 959 1600 Carlo-
998 1568 1026 1600 B
1063 1564 1142 1599 dem
1171 1560 1422 1598 Differ-tatione
1458 1559 1591 1596 LXXI.
1629 1556 1826 1600 edendum,

202 1625 332 1648 manno
359 1614 511 1649 nimium
542 1624 655 1649 aetate
682 1623 836 1649 remotus
864 1613 933 1649 fuit
950 1642 959 1657 ‚

203 1676 324 1711 parum
363 1663 437 1699 usui
475 1664 575 1699 nobis
613 1664 727 1700 futura
774 1664 961 1700 videantur

202 1714 301 1750 illius
318 1715 420 1750 verba
435 1741 443 1750 .
465 1715 616 1750 Proinde
632 1714 866 1762 praeferendas
885 1729 960 1750 reor

203 1764 352 1800 Chartas
380 1766 611 1800 Carlomanni
639 1764 813 1814 ejusdem,
846 1765 898 1800 uti
925 1767 959 1800 &

203 1815 326 1850 Caroli
364 1814 496 1856 Craffi,
533 1829 617 1862 quas
655 1829 764 1861 nuper
791 1828 959 1851 memora·

201 1874 258 1901 tus
295 1866 465 1913 Campius
502 1865 652 1908 protulit
689 1866 726 1900 in
756 1865 960 1914 Appendice

202 1916 243 1952 ad
272 1918 379 1951 Torn.
418 1918 444 1951 Ι.
484 1915 612 1951 Histor.
651 1915 781 1952 Eccles.
821 1918 956 1952 Placen·

199 1967 266 2002 tin.
294 1966 354 2002 ubi
388 1966 509 2002 eadem
538 1967 658 2001 Sororis
685 1967 876 2015 appellatio
904 1981 959 2002 oc-

201 2017 331 2053 currit.
370 2019 491 2066 Itaque
529 2017 589 2053 ista
629 2027 708 2054 ante
745 2019 866 2053 oculos
903 2018 960 2053 ha-

205 2070 313 2113 bens,
341 2068 400 2104 diu
429 2067 518 2104 mihi
546 2070 579 2103 &
609 2082 672 2116 ego
701 2068 865 2118 persuasi,
902 2068 958 2103 sta·

205 2134 241 2155 re
269 2120 505 2155 inconcussam
543 2119 687 2166 Campii
725 2119 932 2154 sententiam
952 2147 961 2162 ‚

207 2183 319 2219 neque
347 2169 455 2205 alium
484 2171 706 2217 Angelbergae
733 2179 864 2217 patrem
887 2183 961 2205 cen-

209 2221 375 2264 sendum,
403 2220 465 2255 nifi
493 2221 687 2256 Ludo-vicum
715 2223 741 2256 I.
762 2221 963 2268 Bajoariae,

210 2272 279 2309 slve
299 2271 507 2308 Germaniae
529 2274 681 2320 Regem,
712 2271 887 2308 Ludovici
911 2271 964 2306 Pii

210 2323 358 2373 Augusti
387 2321 522 2357 filium.
556 2325 728 2358 Attamen
756 2336 791 2357 re
819 2322 962 2370 diligen-

209 2375 281 2410 tius
307 2372 482 2419 inspeeta,
510 2372 718 2422 deprehendi
748 2372 889 2408 tandem
916 2372 966 2407 in-

213 2426 371 2461 concussa
415 2423 562 2459 minime
603 2424 666 2459 effe
713 2423 968 2468 fundamenta,

1065 1623 1168 1662 atque
1197 1615 1305 1648 Anno
1344 1609 1649 1646 DCCCLXXVI.
1678 1608 1797 1642 datum
1817 1633 1826 1641 ,

1066 1665 1119 1700 Ibi
1148 1662 1396 1700 tantummodo
1424 1660 1620 1708 appellatur
1646 1657 1764 1692 dilecta
1790 1670 1825 1692 ac

1059 1715 1222 1761 spiritalis
1258 1713 1352 1749 Filia
1388 1711 1490 1753 nostra
1528 1709 1750 1757 Engilpirga.
1778 1710 1825 1742 E-

1067 1765 1216 1813 jusmodi
1253 1764 1359 1799 verba
1395 1760 1619 1809 significant,
1660 1772 1732 1792 non
1768 1771 1829 1793 na-

1068 1815 1143 1851 tura
1170 1813 1338 1861 quidem,
1375 1812 1431 1847 sed
1459 1809 1611 1854 spiritali
1638 1807 1829 1856 adoptione

1068 1865 1198 1902 Filiam
1228 1862 1407 1900 Ludovici
1435 1859 1587 1909 ejusdem
1609 1858 1715 1906 Regis
1742 1856 1827 1893 fuis.

1068 1916 1100 1951 se
1128 1915 1413 1964 Angelbergam:
1454 1912 1520 1945 hoc
1559 1908 1604 1945 est
1640 1909 1681 1943 ab
1718 1921 1759 1943 eo
1787 1907 1830 1942 de

1068 1966 1162 2002 sacro
1204 1968 1316 2000 Fonte
1358 1961 1572 2008 susceptam.
1614 1958 1758 2001 Filioli‚
1793 1958 1828 1992 δε

1068 2018 1229 2059 Filiolae,
1257 2017 1292 2050 &
1320 2013 1404 2049 Filii
1432 2010 1666 2058 Baptismatis,
1703 2009 1738 2044 &
1766 2008 1827 2043 Fi-

1066 2068 1106 2102 lii
1133 2066 1288 2114 spiritales
1315 2064 1405 2099 olim
1432 2062 1638 2097 dicebantur
1675 2058 1831 2094 Infantes

1067 2120 1086 2153 ὲ
1116 2116 1267 2153 Patrinis
1296 2114 1364 2150 suis
1392 2113 1433 2149 de
1461 2110 1643 2160 Baptismo
1670 2108 1824 2145 sublati.

1069 2168 1183 2204 Nobis
1210 2180 1302 2202 nunc
1332 2164 1485 2211 Figliocci
1512 2162 1705 2197 dicuntur.
1732 2161 1832 2204 Qua-

1067 2233 1102 2255 re
1145 2230 1254 2266 quum
1294 2220 1434 2251 Sororem
1474 2213 1608 2254 nostram
1649 2212 1669 2245 ὲ
1706 2211 1832 2245 Carlo-

1069 2282 1198 2305 manno
1225 2270 1340 2315 Rege,
1367 2266 1401 2301 8<
1422 2266 1442 2299 ὲ
1462 2263 1594 2300 carolo
1614 2260 1734 2296 Crasso
1755 2261 1831 2295 Au-

1068 2320 1162 2369 gusto
1190 2318 1355 2354 fratribus
1385 2315 1644 2363 Angelbergam
1676 2312 1829 2353 Impera-

1069 2371 1192 2407 tricem
1219 2367 1362 2404 inscribi
1389 2365 1572 2407 audimus,
1599 2360 1759 2397 dubitare
1785 2360 1831 2395 li-

1070 2431 1146 2465 cet,
1184 2419 1301 2456 eadem
1338 2415 1594 2466 significatione
1630 2411 1831 2459 usurpatam

211 2475 338 2524 quibus
368 2475 461 2510 suam
490 2474 695 2521 opinionem
720 2475 890 2516 Campius
919 2474 969 2509 su·
1006 2470 1046 2503 D*
1072 2472 1160 2507 hanc
1187 2483 1338 2511 vocem,
1376 2468 1426 2503 ita
1454 2476 1492 2502 ut
1519 2469 1613 2500 Soror
1638 2461 1830 2512 spiritalis,

211 2526 397 2571 prastruxit
414 2552 422 2560 .
455 2524 546 2560 Infra
575 2525 709 2561 intuere
737 2526 907 2573 Diplorna
934 2538 964 2560 e-

212 2577 341 2625 jusdem
370 2575 548 2615 Ludovici
579 2578 606 2613 1.
627 2576 832 2613 Germanici
858 2576 896 2613 in
917 2576 968 2613 ea-

1072 2536 1142 2558 non
1169 2524 1253 2557 vero
1289 2518 1448 2561 uterina,
1485 2529 1596 2563 neque
1632 2511 1830 2556 naturalis,

1072 2573 1273 2611 eorumdem
1301 2574 1437 2620 Regum
1472 2566 1604 2604 fuerit.
1639 2567 1763 2612 Atque
1790 2562 1830 2598 in

1703 2626 1781 2650 eam
