2185 3027
377 223 459 264 203
662 206 1066 265 ANTIQUIT.
1128 209 1363 255 MEDII
1418 215 1600 259 AEVI
1793 237 1875 277 204

315 280 391 303 eam
421 267 628 304 sententiam
649 266 798 312 pronius
824 267 940 312 feror,
977 270 1070 316 quod
1098 270 1160 324 ¹A}
1181 283 1271 307 rere.
1302 273 1394 310 Illud
1420 275 1521 311 nobis
1550 277 1586 311 in
1616 277 1805 321 praesentia
1842 278 1937 317 iuffia·

312 316 360 353 iis
402 318 533 354 Seculis
555 346 566 363 ,
610 317 758 366 rigidius
808 319 914 354 etiam
965 321 1069 366 quam
1155 313 1160 359 Ι
1181 320 1273 366 ciat,
1315 332 1398 360 tunc
1440 326 1650 363 abhorruisse
1692 330 1878 366 Ecclefiam
1916 331 1936 366 ὲ

313 368 458 413 nostris,
486 369 576 405 inire
603 369 767 417 conjugia
794 368 887 404 inter
913 368 1068 404 Consan«
1156 362 1424 445 lMatrimoniis
1451 376 1544 412 inter
1570 379 1788 425 Conjuncff‘ms
1815 381 1849 415 δε
1876 381 1938 416 Af-

313 419 460 467 guineos
486 418 580 455 nefas
608 419 708 455 esset.
736 421 782 454 Et
809 419 963 454 nondum
993 432 1067 454 mos
1182 420 1265 457 fines
1292 424 1397 472 usque
1425 427 1466 462 ad
1494 439 1605 463 certos
1641 430 1786 477 gradus,
1823 443 1936 477 neque

312 469 472 506 invefitus
499 468 636 514 fuerat,
674 480 712 505 ut
742 468 891 504 Romani
921 468 1066 505 Pontifi-
1181 471 1401 519 disciplinam
1443 477 1506 513 hac
1546 478 1584 514 in
1621 493 1656 515 re
1696 480 1807 516 laxari
1851 490 1935 516 tunc

314 533 368 557 ces
392 520 620 567 dispensatione
646 519 802 555 adhibita
837 519 1065 566 impedimen·
1183 522 1412 564 consuevisse.
1433 529 1571 576 Atqui,
1592 529 1614 564 fi
1637 543 1716 566 vera
1732 532 1813 566 effer
1829 533 1937 566 Cam.

312 579 390 606 tum
417 571 638 607 Canonicum
663 572 847 606 tollerent.
875 570 1066 613 Juveninus
1183 572 1232 617 pii
1259 575 1408 623 opini0‚
1444 579 1550 615 nimis
1587 581 1721 617 arctum
1757 581 1934 630 sanguinis

311 620 352 657 in
379 623 581 658 Comment.
609 621 650 656 de
677 623 886 656 sacrament.
927 621 1064 656 Dissert.
1181 624 1362 662 vinculum
1391 628 1626 666 intercessisset
1653 633 1745 667 inter
1772 632 1934 668 Ludovi-

311 673 357 707 X.
378 672 419 708 de
437 672 643 710 Matrimon.
664 671 784 707 anaor
803 671 867 713 est,
888 671 1067 715 Paschalem
1180 686 1257 709 cum
1287 679 1332 712 ΙΙ.
1360 680 1632 725 Imperatorem,
1670 691 1773 728 atque
1801 683 1936 730 Angel-

311 726 435 770 Papam
468 725 510 758 H.
546 725 673 757 saeculo
701 723 944 768 XII.'primum
974 721 1067 767 fuisse
1094 720 1132 754 'B
1180 724 1339 771 bergam,
1368 741 1472 773 quam
1500 737 1617 763 tamen
1639 742 1778 764 nemme
1799 741 1936 766 contra-

310 773 520 817 Pomxficem,
557 775 611 820 qui
636 773 820 818 dispensarit
848 773 881 806 in
912 773 1067 819 gradibus
1092 749 1096 824 Ι
1178 775 1336 820 dicente,
1366 786 1424 811 aut
1443 777 1661 823 dtspensante‚
1690 780 1722 815 ei
1750 780 1843 815 sacro
1865 782 1936 815 foe-

311 823 609 870 consanguinitatis.
648 825 704 856 An
742 822 873 857 stabilis
901 821 1065 859 fit²i11ius

311 872 505 918 sententia,
541 886 611 909 non
639 871 683 907 est
711 872 811 923 hujus
837 873 910 909 loci
947 873 1063 923 inqui-

1180 824 1258 861 dere
1285 826 1509 874 conjunfftam
1537 829 1724 875 novimus,
1762 832 1816 868 uti
1842 833 1860 867 ὲ
1888 830 1936 879 seq

1180 877 1303 923 quenti
1331 876 1504 915 schemate
1530 880 1686 929 patebit.

842 974 1049 1017 Ludox‘icus
1078 976 1160 1013 Pius
1188 978 1403 1027 Imperator.

1120 1039 1130 1112 i

758 1131 896 1143 unu-tus-
905 1132 1035 1145 m
1044 1120 1481 1149 ι-,κΚ-ηω-

591 1132 620 1240 s
1628 1137 1658 1240 ‘i

316 1245 512 1284 Lotharius
540 1248 567 1282 1.
597 1248 788 1298 Augustus,
1349 1252 1555 1290 Ludovicus
1576 1254 1602 1288 Ι.
1625 1252 1834 1290 Germaniae
1861 1256 1937 1291 Rex

314 1387 520 1425 Ludovicus
548 1308 601 1425 ΙΙ.Ι
623 1390 797 1440 Augustus
817 1418 825 1427 .
1332 1395 1581 1443 Angelberga‚
1610 1315 1656 1431 ut¹
1676 1395 1846 1444 Campius
1874 1409 1937 1446 pu-

1382 1454 1462 1491 tat,
1491 1447 1532 1481 ab
1564 1459 1605 1482 eo
1633 1445 1751 1495 genita
1768 1472 1777 1481 .

358 1532 417 1567 Ad
445 1532 550 1576 haec,
578 1533 631 1569 uti
657 1534 888 1583 Du.Cangius
909 1535 1064 1572 animad-
1101 1537 1133 1571 C
1227 1534 1396 1580 Diploma
1426 1537 1549 1572 Caroli
1586 1536 1697 1572 Craffi
1735 1537 1840 1585 Regis
1870 1550 1934 1573 nu-

308 1582 441 1624 vertit,
470 1583 622 1630 Reginae
649 1585 682 1619 8<
711 1585 883 1632 Augustae
911 1587 929 1620 a
959 1586 1060 1633 Regi.
1176 1596 1236 1632 per
1263 1583 1281 1617 ὲ
1309 1596 1364 1618 me
1392 1586 1595 1632 evulgatum
1625 1585 1784 1634 resum03
1823 1599 1935 1633 neque

308 1632 370 1666 bus
398 1634 525 1668 exteris
552 1634 670 1668 sororis
706 1636 963 1682 appellatione,
1000 1636 1059 1671 ho·
1177 1633 1271 1669 enim
1308 1632 1592 1670 diffimulandum
1621 1649 1718 1680 reor,
1755 1649 1935 1674 occurrere

306 1682 402 1718 noris
429 1684 463 1718 &
491 1684 620 1719 amoris
648 1685 760 1720 caussa
796 1687 971 1721 interdum
1001 1688 1059 1721 do·
1175 1683 1213 1719 in
1241 1697 1282 1719 eo
1310 1684 1428 1732 aliqua
1464 1684 1620 1721 fictionis
1648 1696 1706 1721 aut
1743 1686 1936 1732 interpola.

304 1733 497 1768 nabantur:
538 1748 604 1781 qua
631 1735 767 1770 ratione
803 1736 924 1771 nostris
952 1737 1058 1771 etiam
1175 1734 1286 1769 tionis
1314 1734 1423 1783 signa.
1454 1738 1502 1771 Ut
1531 1737 1671 1772 mittam
1690 1764 1700 1780 ,
1729 1737 1844 1772 locum
1875 1737 1935 1772 da-

303 1784 519 1828 temporibus
548 1785 686 1820 Galliae
717 1788 823 1833 Reges
849 1788 976 1821 Fratris
999 1795 1060 1822 aut
1175 1785 1205 1821 ti
1244 1785 1459 1832 Diplomatis
1497 1786 1548 1822 ibi
1585 1786 1792 1822 defiderari:
1838 1786 1933 1834 quod

300 1833 486 1878 consobrini
521 1836 668 1870 titulum
696 1836 855 1871 deferunt
887 1837 1056 1885 Principi-
1175 1844 1291 1870 tamen
1320 1835 1447 1883 apponi
1474 1835 1679 1884 consuevit3
1709 1836 1797 1871 mihi
1827 1836 1933 1873 fidem

301 1882 363 1918 bus
391 1884 542 1927 exteris,
579 1885 601 1919 fi
639 1887 776 1933 quando
814 1887 854 1922 ad
883 1901 940 1923 eos
977 1887 1057 1923 scri.
1175 1888 1327 1921 Chartae
1364 1885 1465 1933 ipsius
1494 1887 1651 1930 elevare,
1688 1886 1800 1922 immo
1838 1900 1934 1935 pror-

299 1933 411 1971 bunt.
449 1937 549 1982 Quae
585 1937 704 1972 omnia
733 1942 774 1973 εὸ
801 1951 863 1973 nos
899 1939 1057 1983 ducunt,
1142 1969 1145 1974 ,
1175 1935 1227 1971 sus
1266 1946 1412 1971 atterere
1449 1937 1612 1979 videtur,
1650 1936 1841 1985 appositum
1880 1937 1933 1973 ibi

297 1993 339 2019 ut
366 1987 511 2034 Campii
540 1986 730 2022 sententiae
757 1988 882 2032 diffifi,
920 1990 1056 2024 dubita·
1086 1985 1135 2018 D
1175 1986 1326 2035 figillum
1344 2015 1353 2031 ‚
1381 1989 1527 2022 Carolum
1555 1990 1789 2034 Imperatorem,
1830 1988 1931 2023 nobis

297 2048 335 2069 re
362 2035 527 2083 poffimus
544 2064 554 2079 ‚
591 2050 676 2072 num
705 2038 794 2072 alius
822 2040 839 2072 ὲ
868 2040 1056 2074 Ludovico
1085 2035 1089 2092 1
1175 2037 1343 2073 exhibens
1364 2050 1469 2085 quum
1492 2047 1582 2072 certe
1601 2038 1630 2072 is
1652 2039 1759 2073 Anno
1783 2040 1932 2075 DCCC·

1176 2090 1322 2123 LXXX.
1340 2088 1476 2122 decimo
1496 2087 1669 2123 Kalendas
1689 2089 1826 2136 Aprilis
1845 2103 1932 2125 non-

1142 2138 1258 2214 'dum
1301 2138 1501 2186 Imperiales
1543 2138 1668 2173 titulos
1710 2139 1930 2184 assumserit,

1176 2202 1214 2223 ac
1241 2188 1364 2223 diserte
1391 2188 1428 2222 in
1465 2188 1540 2236 ipso
1570 2189 1774 2236 Diplomate
1811 2194 1930 2236 Regem

1175 2240 1356 2274 dumtaxat
1383 2237 1590 2286 inscriptum
1621 2239 1819 2276 videamus.
1849 2243 1930 2276 Plu-

295 2086 507 2122 Gtrmaniae
535 2089 629 2135 Rege
667 2100 786 2134 parens
813 2090 1057 2137 Angelbergae

296 2136 508 2185 contigerit.
537 2137 710 2182 Quisnam
733 2145 816 2174 vero
836 2139 899 2174 ille
927 2138 1055 2185 fuerit,

294 2184 327 2221 is
354 2187 444 2222 mihi
471 2188 505 2222 δε
533 2187 614 2222 aliis
643 2188 788 2236 prodat,
825 2189 887 2237 qui
923 2191 1056 2239 majore

295 2236 373 2272 otio
409 2238 513 2285 quarn
543 2251 607 2286 ego
635 2239 676 2273 ad
712 2252 785 2275 rem
814 2240 919 2276 altius
957 2242 1055 2277 inve-

293 2286 482 2336 stigandam
507 2288 678 2324 abundet.
707 2291 880 2326 Attamen
903 2291 982 2327 vide
1002 2292 1056 2327 in·
1173 2303 1209 2325 ra
1235 2301 1305 2324 non
1333 2288 1444 2337 addog
1483 2302 1593 2336 neque
1621 2291 1714 2325 enirn
1745 2291 1833 2326 mihi
1871 2291 1931 2326 ha-

295 2337 346 2373 fra
373 2338 410 2374 in
438 2339 578 2375 Differt.
609 2342 724 2375 XVII.
746 2342 785 2375 de
812 2343 902 2386 Fisco
930 2342 1056 2390 Diplo-
1175 2340 1251 2375 bere
1292 2338 1351 2374 sub
1391 2339 1504 2374 oculis
1542 2340 1646 2376 licuit
1685 2354 1929 2389 pergamenam

294 2400 353 2423 ma
394 2389 608 2436 praelaudati
646 2391 772 2426 Caroli
814 2391 951 2436 Craffi,
995 2392 1056 2428 ubi
1172 2390 1293 2434 illam,
1332 2398 1370 2424 ut
1398 2390 1524 2426 certius
1562 2390 1599 2426 in
1628 2405 1703 2427 eam
1742 2392 1866 2440 judicii
1895 2406 1930 2428 a·

294 2437 326 2473 is
363 2441 641 2487 Hermingardim‚
679 2441 784 2490 ipsius
813 2443 1056 2491 Angelbergae
1097 2447 1126 2480 E
1171 2440 1259 2475 ciem
1287 2440 1524 2477 intenderem.
1554 2444 1684 2477 Veritm
1708 2455 1928 2490 nequaquam

1169 2490 1309 2526 inutilis
1346 2492 1509 2527 censenda
1547 2492 1592 2528 est
1633 2493 1829 2541 hujusmodi
1869 2501 1928 2528 aut

1169 2540 1461 2590 interpolatorum
1490 2552 1550 2578 aut
1587 2544 1773 2580 dubiorum
1802 2556 1926 2580 monu-

1170 2602 1370 2629 mentorum
1410 2593 1598 2645 cognitio,
1637 2607 1744 2643 quum
1781 2592 1925 2680 &uipsa

1770 2657 1811 2680 CO
1843 2656 1877 2680 a·

295 2488 429 2533 filiam,
456 2494 591 2537 Neptem
611 2492 704 2536 suam
732 2494 906 2541 appellat.
933 2495 986 2527 Eo
1007 2493 1055 2528 sa-

294 2552 338 2574 ne
365 2541 538 2597 vocabulo
565 2542 710 2590 Campii
746 2543 872 2592 opinio
898 2556 970 2580 non
997 2557 1055 2593 pa-

297 2602 371 2624 rum
400 2600 559 2636 juvatur.
