2185 3027
216 300 243 318 5³

217 350 242 367 δ’

217 399 242 417 5)

217 449 242 467 5)

217 500 242 517 ³)

217 549 242 567 9)

217 599 242 618 δ’

217 650 241 668 ’2

219 701 243 718 θ’

221 752 245 769 2)

219 802 244 820 2³

219 852 244 870 Β)

219 903 243 921 5,

220 953 244 971 9)

220 1003 244 1021 5)

221 1054 248 1072 59

220 1104 243 1122 θ’

220 1153 244 1171 ’5

218 1202 242 1221 θ’

220 1253 244 1271 ²,

221 1303 244 1322 9)

220 1354 244 1371 7)

220 1405 243 1422 2·

219 1455 242 1472 Π

218 1505 242 1523 ³5

219 1556 243 1573 9)

221 1604 244 1621 9)

220 1653 245 1671 2,

222 1704 246 1720 Η

222 1753 245 1771 9,

220 1803 243 1820 Η

220 1853 243 1870 Η

221 1905 244 1923 >²

221 1956 245 1973 ἲ)

222 2006 245 2022 5,

222 2055 246 2073 θ’

222 2107 246 2124 ³9

218 2157 246 2174 θ’

223 2207 246 2225 2,

222 2258 247 2276 ’θ

222 2309 247 2326 99

202 2340 206 2343 Ι
222 2359 248 2377 ’³

223 2409 247 2427 ,ἲ

224 2459 247 2477 27

224 2510 248 2527 5²

225 2560 248 2579 U

275 232 382 270 433*

270 335 331 356 nos
360 320 509 356 faeturos
529 322 562 355 8(
584 332 786 366 curaturos,
808 323 900 371 quod
921 323 970 359 di-

268 371 319 407 ξὶί
351 371 500 407 Domini
535 372 623 407 olim
661 372 702 408 de
739 374 903 409 Miranda
937 376 970 410 8<

270 422 339 458 filii
381 422 582 458 eorumdem
624 422 754 458 dieiam
798 424 971 460 venditio-

271 486 347 508 nem
362 501 371 517 ,
400 472 649 509 concessionem
665 501 674 517 ,
696 473 877 511 cessionem
891 503 901 520 ,
922 489 969 511 re·

271 523 481 558 futationem
499 551 508 568 ‚
546 524 782 561 remiffionem
802 553 812 569 ‚
849 540 971 562 renun-

269 574 455 610 tiationem
471 602 480 618 ,
507 574 734 611 donationem
749 604 758 618 ‚
780 576 972 625 promiffio-

271 638 347 659 nem
366 652 375 667 ‚
403 626 435 659 8(
465 625 604 673 paetum
632 626 672 661 de
701 640 768 661 non
799 628 947 676 petendo
965 655 974 671 ,

270 676 304 709 8(
331 675 474 719 omnia,
511 685 549 711 ut
577 675 614 711 in
642 676 783 725 singulis
812 678 975 726 capitulis

273 725 425 773 superius
463 727 686 771 continetur,
724 729 905 764 attendent
940 730 973 764 8(

272 776 504 811 observabunt
533 787 721 825 perpetuo,
748 780 781 813 8(
803 792 873 814 non
894 792 972 814 con·

273 826 471 862 travenient
499 827 535 862 in
563 827 684 876 aliquo
705 829 861 877 capitulo
883 843 974 877 prae-

271 876 445 912 dietorum
463 891 522 925 per
539 877 570 913 se
586 880 642 913 vel
659 892 717 926 per
733 879 841 915 alium
859 880 976 926 aliqua

273 926 470 970 occasione,
490 928 656 976 ingenim
687 930 741 964 vel
768 929 904 965 fraude.
932 932 976 964 Et

272 977 294 1012 fi
316 977 352 1012 in
378 977 497 1024 aliquo
519 979 773 1026 praediciorum
796 991 973 1015 contrave·

275 1028 391 1063 nerint
421 1042 542 1064 omnes
579 1031 636 1065 vel
674 1043 760 1065 unus
797 1030 976 1078 ipsorum,

272 1078 514 1126 promittimus
542 1093 601 1125 per
620 1093 682 1115 nos
703 1080 899 1127 nostrosque
919 1082 975 1116 he-

273 1128 366 1162 redes
378 1129 410 1162 8(
423 1127 624 1163 successores
636 1157 646 1171 ,
659 1130 898 1166 constituendo
915 1145 976 1165 nos

269 1177 476 1224 principales
488 1177 661 1212 debitores
673 1179 774 1226 ipsius
787 1180 957 1217 Ecclesiae
967 1208 976 1224 ,

272 1226 380 1275 ipsam
411 1228 605 1261 Romanam
634 1230 821 1265 Ecclefiam
844 1231 974 1266 conser-

273 1290 353 1313 vare
389 1277 590 1313 indemnem
632 1278 754 1315 nostris
795 1281 976 1329 expenfis,

271 1329 305 1363 &
333 1328 452 1363 omnia
476 1328 602 1364 damna
621 1330 654 1364 8(
676 1330 862 1378 expensas,
890 1344 976 1379 quae

272 1380 305 1413 8(
333 1392 416 1427 quas
444 1378 594 1414 Ecclesia
632 1382 790 1415 Romana
818 1382 875 1416 vel
913 1382 976 1417 ali-

272 1429 349 1476 quis
378 1442 438 1476 pro
465 1429 615 1466 Ecclefia
642 1430 819 1466 occafione
844 1432 976 1478 praedi-

270 1479 325 1515 δὶα
353 1479 556 1524 sustineret,
592 1480 727 1528 integre
755 1481 916 1516 resarcire
943 1483 975 1515 &

271 1529 410 1565 reficere
439 1531 705 1576 promittimus,
743 1529 914 1562 credendo
941 1530 974 1561 8(

272 1579 388 1612 stando
416 1578 457 1611 de
484 1577 620 1610 damnis
648 1578 680 1611 8(
710 1575 863 1622 expensis
901 1576 975 1611 sim-
1001 1580 1004 1655 ἰ

1020 1637 1052 1670 D

274 1627 359 1672 plici
389 1626 494 1661 verbo
523 1625 654 1661 Nuntii
692 1625 883 1670 Ecclesiae,
921 1627 977 1662 cui

275 1676 449 1725 praedieta
477 1676 655 1711 commiffa
693 1677 798 1712 essent
835 1678 876 1712 ab
913 1680 975 1713 Ec-

274 1726 371 1762 clefia
401 1729 579 1769 Romana,
600 1726 668 1762 sine
689 1726 902 1763 sacramento
922 1729 978 1764 vel

271 1791 374 1813 onere
402 1777 550 1825 alicujus
579 1778 795 1824 probationis
814 1805 823 1820 ,
852 1777 911 1813 sub
938 1792 974 1814 0.

271 1828 466 1875 bligatione
481 1827 671 1863 nostrorum
690 1829 858 1863 bonorum
883 1842 974 1877 prae-

274 1877 423 1912 sentium
459 1878 493 1912 &
532 1876 755 1921 futurorum,
796 1880 828 1913 8(
868 1880 976 1927 poena

273 1928 390 1964 decem
420 1927 574 1963 millium
614 1928 801 1964 Librarum
839 1931 973 1965 Lucen-

274 1978 378 2014 sium.
414 1980 460 2013 Et
498 1979 606 2026 poena
641 1978 752 2013 soluta
789 1981 845 2015 vel
882 1993 973 2015 com·

275 2029 376 2064 miss-52
412 2030 468 2064 vel
507 2042 577 2064 non
612 2028 749 2072 solutei,
778 2031 975 2066 contrafilus

274 2078 333 2114 iste
360 2080 392 2113 8(
420 2078 540 2114 omnia
562 2079 752 2128 supradiffla
767 2108 775 2123 ‚
797 2091 834 2116 ut
855 2080 891 2115 in
913 2081 971 2116 sin-

274 2129 365 2177 gulis
401 2130 564 2177 capitulis
602 2131 831 2174 continetur,
877 2131 975 2167 firma

273 2181 305 2215 8(
334 2188 408 2214 rata
436 2191 683 2227 permaneant.
722 2183 974 2219 Renuntiantes

275 2228 445 2264 beneficio
473 2243 583 2267 novae
619 2232 913 2276 constitutionis,
940 2235 973 2269 8(

275 2279 445 2316 beneficio
472 2279 703 2329 fidejussorum
722 2312 731 2327 ‚
759 2285 791 2318 8(
821 2283 976 2332 speciali-

275 2341 328 2366 ter
348 2330 404 2365 illi
427 2331 662 2369 Authenticae
684 2336 749 2368 Sed
768 2335 876 2378 hodie,
901 2349 972 2370 om-

275 2381 381 2427 nique
408 2381 471 2416 alii
505 2383 639 2430 Legum
676 2385 709 2419 8(
747 2387 974 2421 Deci-erorum

275 2431 434 2474 auxilio,
466 2432 567 2467 nobis
593 2433 631 2469 in
658 2434 723 2470 hoc
751 2436 844 2471 fagio
872 2436 976 2472 modo

277 2481 396 2529 aliquo
433 2481 655 2530 cohaerenti,
691 2487 907 2536 competenti
942 2488 975 2523 8(

276 2533 513 2583 competituro
525 2559 534 2568 .

566 212 884 254 DISSERTA
902 214 1006 255 Tm
1052 210 1351 256 DUGDECJ

272 286 364 308 nune
390 271 423 304 &
452 268 530 305 vice
560 273 737 307 Romanae
775 271 970 317 Ecclesiae,
995 276 1044 309 *A

1002 2493 1009 2576 l

1361 217 1456 259 MA
1469 251 1479 262 .
1686 237 1773 275 434

1126 297 1150 315 ‚‚
1179 271 1270 306 Asta
1299 272 1375 308 sunt
1403 275 1484 310 haec
1511 276 1548 311 in
1576 277 1726 313 Ecclesia
1749 282 1831 313 San-

1053 343 1054 346 =
1076 349 1100 366 ‚,
1127 321 1203 357 &ae
1219 321 1650 366 Mariae‚1nteramnensis
1665 327 1722 371 ,in
1737 341 1832 375 prae-

1078 400 1102 416 „
1130 371 1238 408 sentia
1261 372 1410 407 Domini
1431 375 1595 416 Iohannis
1616 378 1753 413 Beraldi
1773 380 1832 421 Ju-

1078 449 1103 467 „
1130 423 1218 458 dicis
1237 424 1272 458 8(
1295 422 1432 458 Vicarii
1455 425 1737 470 Interamnensis‚
1760 430 1832 463 Do-

1080 500 1103 518 „
1133 473 1222 509 mini
1244 471 1426 509 Thomaffi
1454 473 1494 509 de
1524 476 1679 520 Arrone,
1709 479 1834 514 Domi-

1081 551 1106 567 „
1134 525 1171 560 ni
1202 524 1345 560 Roberti
1373 525 1414 559 de
1442 524 1645 572 Bombagno
1664 554 1672 568 ‚
1711 529 1836 564 Domi.

1081 601 1105 619 „
1133 575 1170 610 ni
1198 574 1347 611 Henrici
1377 575 1542 617 Nicolai,
1573 576 1719 611 Domini
1743 581 1837 613 Gen.

1056 647 1106 670 1„
1134 624 1210 661 tilis
1252 625 1442 669 Falconis,
1488 624 1639 660 Domini
1683 628 1837 663 Gentilis

1084 701 1107 719 „
1134 675 1176 711 de
1217 676 1428 724 Ancajano,
1476 675 1624 712 Domini
1669 675 1837 720 Iohannis

1058 722 1059 732 ¹
1086 752 1108 769 ‚,
1135 726 1333 772 Guidonis‚
1356 726 1531 762 Matthaei
1561 726 1750 770 Anastafii,
1772 729 1841 762 Bo-

1086 803 1109 820 „
1137 779 1301 813 navoltae
1336 778 1503 825 Sinopii‚
1540 777 1717 813 Gualterii
1753 778 1842 813 Gui-

1058 863 1061 883 l
1086 852 1109 870 ‚,
1137 827 1264 872 donis,
1301 827 1457 864 Conradi
1494 828 1621 872 Pauli,
1657 827 1842 864 Thomaffi

1058 886 1061 903 ¹
1086 903 1109 920 ‚‚
1139 878 1310 924 Raynaldi
1329 906 1340 922 ‚
1378 878 1553 914 Leonardi
1583 878 1841 923 Bonicomitis‚

1087 953 1109 970 „
1137 928 1298 976 Magistri
1328 929 1421 964 Petri
1450 931 1664 976 Saragozae,
1700 930 1735 964 8(
1763 931 1841 964 An-

1087 1004 1110 1020 „
1137 978 1236 1014 dreae
1263 979 1490 1023 Muzadoris,
1517 980 1550 1014 8(
1578 979 1727 1014 aliorum
1751 980 1842 1014 mul-

1086 1053 1110 1070 „
1138 1038 1252 1065 torum
1282 1039 1569 1078 congregatorum
1608 1043 1667 1078 per
1705 1043 1844 1077 praeco-

1085 1103 1109 1121 „
1136 1092 1215 1114 nem
1244 1079 1416 1115 Civitatis
1439 1079 1701 1115 Interamnensis
1723 1079 1763 1114 ad
1784 1093 1843 1128 ge-

1085 1153 1108 1172 ‚‚
1136 1131 1251 1165 nerale
1288 1129 1484 1165 Consilium
1513 1130 1550 1164 in
1578 1129 1728 1164 Ecclesia
1757 1132 1839 1163 San-

1084 1203 1108 1221 ‚,
1136 1180 1211 1214 &tae
1238 1180 1375 1214 Mariae
1403 1179 1595 1225 praedie’ca:
1626 1178 1688 1224 qui
1715 1178 1756 1212 ad
1777 1177 1843 1213 hoc

1086 1254 1109 1270 „
1138 1228 1257 1263 vocari
1285 1230 1319 1262 8(
1347 1227 1462 1275 rogati
1490 1227 1629 1262 fuerunt
1656 1226 1753 1262 testes
1771 1253 1779 1262 .

1140 1305 1163 1319 „
1194 1279 1372 1313 Praeterea
1399 1276 1557 1325 sequenti
1585 1277 1641 1312 die
1660 1304 1669 1320 ‚
1711 1277 1846 1313 scilicet

1089 1356 1114 1372 ‚,
1142 1330 1186 1362 V.
1214 1328 1270 1363 die
1308 1328 1462 1363 intrante
1497 1327 1620 1363 Mense
1647 1327 1785 1375 Aprilis
1813 1342 1847 1363 e-

1090 1406 1113 1423 „
1143 1378 1273 1425 jusdem
1301 1378 1399 1413 Anni
1436 1379 1470 1413 &
1509 1377 1747 1421 Ῑηάἰξὶὶοηίς,
1784 1392 1846 1414 nos

1089 1456 1113 1473 ,‚
1142 1430 1297 1463 Domina
1324 1428 1441 1463 Maria
1470 1441 1558 1463 uxor
1576 1428 1752 1475 quondam
1776 1430 1847 1463 Do.

1090 1505 1113 1520 ‚‚
1142 1477 1231 1511 mini
1261 1477 1406 1512 Ruberti
1424 1504 1434 1520 ,
1463 1478 1617 1513 Domina
1646 1477 1780 1512 Prasina
1809 1492 1846 1514 u.

1089 1553 1112 1568 ,‚
1140 1538 1205 1560 xor
1228 1526 1405 1573 quondam
1428 1527 1577 1562 Domini
1598 1527 1752 1563 Simonis
1773 1542 1846 1564 ma.

1090 1603 1113 1619 ,,
1143 1575 1226 1622 joris
1244 1604 1253 1621 ,
1289 1577 1442 1612 Domina
1471 1577 1628 1612 Matthia
1657 1591 1745 1614 uxor
1774 1581 1846 1614 Do.

1090 1653 1114 1671 ,‚
1143 1626 1232 1661 mini
1278 1627 1431 1662 Simonis
1477 1628 1609 1663 novelli
1632 1656 1643 1673 ,
1687 1629 1723 1663 8(
1771 1631 1844 1665 Do.

1091 1704 1114 1721 ‚,
1143 1676 1238 1711 mina
1267 1677 1422 1712 Fabreffa
1455 1676 1531 1713 filia
1566 1678 1741 1726 quondam
1772 1682 1846 1716 Do·

1091 1754 1113 1771 ‚,
1142 1727 1233 1762 mini
1271 1727 1416 1763 Ruberti
1434 1755 1443 1771 ,
1476 1729 1598 1764 damus
1616 1756 1626 1772 ‚
1662 1729 1843 1775 cedimus,

1090 1805 1112 1821 ‚,
1142 1777 1364 1813 concedimus
1378 1805 1387 1821 ,
1403 1778 1437 1812 &
1458 1779 1660 1814 mandamus
1681 1780 1748 1815 tibi
1771 1783 1844 1816 Do-

1088 1854 1112 1870 „
1142 1827 1240 1863 mino
1267 1827 1421 1863 Gerardo
1456 1828 1498 1862 de
1535 1829 1690 1864 Ferraria
1725 1830 1842 1872 Judici

1088 1905 1110 1920 „
1140 1878 1321 1924 Spoletani
1350 1880 1505 1913 Ducatus
1543 1891 1602 1926 per
1643 1879 1840 1915 Dominum

1088 1955 1109 1971 ‚‚
1138 1927 1365 1971 Alatrinum,
1403 1928 1480 1963 vice
1507 1930 1539 1962 8(
1568 1929 1710 1963 nornine
1739 1929 1841 1977 ipsius

1086 2006 1109 2022 „
1138 1978 1286 2014 Domini
1307 1978 1466 2014 Alatrini
1487 1978 1671 2026 recipienti
1694 1993 1755 2027 pro
1776 1983 1842 2015 Ec.

1086 2056 1109 2072 ,‚
1138 2027 1236 2063 clesia
1266 2031 1424 2064 Romana
1450 2028 1570 2064 omnia
1599 2029 1694 2077 jura,
1722 2043 1842 2066 omne.

1030 2117 1041 2122 ³
1087 2077 1219 2127 „sque
1256 2079 1410 2114 affliones
1447 2080 1580 2123 reales,
1619 2079 1839 2127 personales,

1087 2157 1110 2174 ‚,
1139 2129 1264 2172 utiles,
1293 2129 1462 2173 dimetas,
1490 2130 1615 2164 tacitas
1643 2131 1674 2164 8(
1707 2131 1842 2179 expres-

1086 2207 1110 2224 „
1138 2179 1187 2214 sas
1206 2207 1215 2223 ‚
1243 2193 1329 2227 quae
1365 2182 1398 2214 8(
1436 2194 1519 2228 quas
1554 2180 1745 2224 habemus,
1782 2183 1839 2217 vel

1087 2259 1111 2275 ‚‚
1139 2229 1263 2265 habere
1290 2230 1472 2274 videmur,
1509 2230 1576 2265 five
1613 2230 1713 2265 nobis
1746 2244 1842 2266 corn-

1088 2309 1112 2326 „
1141 2289 1263 2328 petunt
1291 2280 1327 2316 in
1356 2281 1472 2316 Castro
1493 2281 1698 2324 Mirandae,
1726 2280 1842 2318 homi-

1088 2359 1111 2376 „
1140 2331 1263 2374 nibus,
1300 2333 1331 2366 8(
1371 2331 1449 2366 aliis
1487 2330 1555 2366 suis
1593 2331 1840 2380 pertinentiis,

1139 2380 1315 2417 occasione
1342 2381 1574 2430 obligationis
1610 2381 1749 2417 dotium
1778 2395 1842 2418 no-

1088 2461 1112 2478 „
1139 2432 1306 2476 stratum,
1342 2431 1410 2468 sive
1449 2431 1626 2468 occasione
1663 2431 1841 2468 succeffio.

1088 2512 1112 2528 ‚,
1140 2483 1193 2518 nis
1211 2510 1220 2526 ,
1257 2484 1313 2518 vel
1341 2496 1559 2531 quacumque
1586 2483 1654 2518 alia
1682 2483 1840 2530 qualibet

1059 2539 1062 2578 ξ
1088 2562 1113 2580 „
1139 2532 1316 2570 occasione
1356 2535 1411 2570 vel
1447 2534 1548 2583 jure.
1586 2533 1839 2570 Constituendo

1180 2586 1210 2620 E
1237 2597 1254 2620 e
1308 2596 1330 2620 2
1681 2610 1704 2629 „
1732 2596 1792 2631 per
