2185 3027
211 267 263 292 tae
274 215 386 290 3303&
421 253 588 302 profutura
624 256 692 300 fore
724 254 869 301 subsidia
909 268 969 289 non

210 306 409 345 dubitamus.
442 310 515 352 ‚Quo
550 307 628 342 circa
654 307 791 341 omnium
819 305 969 350 fidelium

211 358 347 392 Sanctae
368 358 431 392 Dei
446 358 621 401 Ecclefiae,
638 358 863 405 nostrorumque
878 369 968 405 prae-

204 408 344 454 sentium
379 422 415 443 ac
450 409 627 453 futurorum
661 409 786 443 devotio
821 408 969 452 noverit,

210 459 350 505 qualiter
377 458 558 493 interventu
580 473 616 494 ac
637 461 791 507 peticione
815 461 968 495 Ambro—

210 508 252 544 fii
278 510 469 545 venerabilis
493 510 681 546 Laudenfis
701 510 890 557 Episcopi,
918 523 970 544 nec

210 573 272 594 non
310 559 352 593 (9⁴
388 561 542 597 Huberti
578 562 681 596 incliti
721 561 970 605 Marchionis,

212 609 381 656 dilefiique
417 610 486 647 filii
522 611 649 655 nostri,
687 625 726 647 ac
763 612 867 647 nostri
902 613 972 647 Co-

213 660 316 695 mitis
346 662 478 697 Palacii
495 689 505 706 ‚
530 673 586 709 per
613 662 710 707 hujus
735 663 897 710 Praecepti
913 674 970 709 pa·

211 711 324 758 ginam
350 711 587 757 confirmamus,
623 726 658 747 ac
681 714 817 760 pleniter
842 715 971 748 corrobo-

215 773 322 796 ramus
347 763 483 797 Sanciae
510 763 661 811 Regiensi
687 764 840 806 Ecclesiae
867 764 900 797 in
922 764 971 797 ho·

215 825 289 846 nore
324 813 388 846 Dei
423 814 593 849 Genitricts
622 815 798 861 semperque
833 815 975 861 Virginis

215 862 369 906 Mariae,
396 864 568 911 Sanc-lique
594 867 735 912 Prosperi
763 865 882 907 Christi
908 878 971 899 con·

211 912 370 956 struclae,
390 914 440 948 cui
459 915 649 950 Aribaldus
670 917 856 950 reverendus
878 917 972 950 Prae·

217 961 271 998 sul
296 964 448 1010 pastorali
473 968 547 1000 cura
574 966 752 1013 invigilat,
780 979 880 1000 omnes
901 969 973 1000 Cor—

217 1022 285 1056 tes‚
323 1015 432 1049 Plebes
458 1030 594 1064 quoque,
631 1017 795 1052 Abbacias
811 1045 821 1061 ‚
859 1019 974 1051 Mona-

209 1063 310 1105 steria
327 1091 337 1107 ,
365 1068 514 1112 Capellas
530 1094 539 1110 ,
564 1069 698 1113 praedia
713 1096 723 1111 ,
752 1068 876 1102 cunc‘las
903 1080 949 1100 res
966 1093 975 1109 ,

217 1124 296 1158 quas
320 1115 359 1147 de
384 1116 476 1148 donis
502 1121 627 1162 Regum
642 1144 652 1160 ,
673 1120 729 1162 seu
757 1121 976 1164 Imperatorum

215 1163 474 1209 praedeceJJorum
509 1168 676 1207 nostrorum
692 1194 702 1209 ,
739 1179 977 1214 caeterorumque

218 1214 362 1248 bonorum
389 1215 548 1249 hominum
564 1243 574 1260 ,
611 1218 721 1250 veriam
748 1218 842 1252 etiam
870 1231 916 1251 res
942 1231 970 1250 u·

220 1263 364 1309 niversas
387 1267 564 1301 Canonicae
583 1266 717 1312 ejusdem
737 1268 891 1309 Ecclesiae
909 1281 972 1302 con-

220 1315 423 1359 ceffionibus,
464 1317 716 1362 traditionibus,
758 1319 977 1365 Episcoporum

215 1364 400 1413 privilegiis
420 1393 430 1410 ,
471 1368 708 1413 offersionzbus,
749 1369 972 1416 comparitioni*

218 1417 276 1450 bus
301 1428 438 1463 quoque,
466 1420 754 1454 commutationibus
780 1421 976 1455 libellorum²

218 1479 477 1514 quarumcumque
517 1470 668 1515 legalium
708 1474 876 1504 Cartarum
911 1483 975 1502 con-

209 1516 434 1561 scriptionibus
452 1545 461 1559 ,
495 1518 565 1556 sive
592 1519 790 1561 ipotecariis‚
818 1518 881 1560 ipse
902 1520 974 1559 Jan=

216 1565 284 1598 &us
311 1566 391 1598 locus
426 1566 574 1610 legaliter
600 1565 760 1611 optinuit,
796 1566 850 1598 vel
888 1564 971 1598 inve-

209 1613 308 1655 stitus
330 1614 398 1657 suit
415 1642 426 1657 ,
462 1628 526 1648 una
552 1628 619 1648 cum
644 1615 806 1659 domibus,
843 1615 886 1648 (9¹
913 1615 974 1648 edi-

210 1663 320 1707 ficiis,
349 1664 494 1704 Ecclesiis
515 1665 787 1711 Baptismalibus‚
817 1665 976 1708 Decimis,

220 1714 264 1747 (9¹
299 1715 462 1761 Capellis,
499 1729 534 1749 ac
564 1715 704 1758 familiis
740 1716 899 1763 utriusque
928 1715 973 1760 se·

218 1776 302 1807 xus,
339 1766 518 1799 aldionibus
555 1766 598 1798 (9⁶
633 1766 825 1809 aldinabus,
862 1765 977 1806 mansis

217 1813 313 1848 etiam
339 1815 464 1855 vellitis
491 1816 533 1848 (9¹
560 1815 759 1860 absentibus,
786 1817 898 1857 terris,
924 1817 972 1850 vi-

218 1864 309 1908 neis,
346 1864 483 1910 campis,
518 1875 648 1910 pratis,
682 1866 826 1912 pascuis,
857 1866 976 1909 silvis,

218 1914 380 1950 arboribus
413 1915 574 1961 pomiferis
601 1916 645 1949 (9⁶
671 1916 888 1960 infrubiuosis‚
926 1917 974 1950 in«

215 1965 299 2010 fulis
315 1992 325 2007 ,
359 1965 504 2012 piscariis
520 1993 529 2008 ,
567 1966 692 2000 careHis
708 1994 717 2010 ,
748 1966 894 2011 salinis,
927 1967 974 2013 pi-

216 2015 342 2060 scaticis
359 2042 368 2058 ,
396 2016 603 2059 molendinis,
631 2017 741 2064 aquis,
769 2030 978 2064 aquarumque

222 2064 422 2107 decursibus,
460 2067 636 2108 montibus,
673 2068 836 2112 vallibus,
867 2068 978 2115 plani-

223 2115 348 2159 ciebus,
390 2116 489 2163 ripis,
533 2118 676 2165 rupinis,
713 2119 859 2165 alprus,
896 2119 978 2152 rivis

222 2166 432 2211 defluentibus
453 2195 462 2211 ,
508 2176 612 2203 omnia
655 2170 778 2202 omnino
823 2169 977 2215 integrum

222 2228 426 2263 quaecumque
452 2217 516 2251 dici
533 2246 543 2261 ,
569 2220 623 2253 vel
650 2220 807 2255 nomInari
830 2219 952 2267 possunt
968 2247 976 2256 .

224 2268 313 2302 Unde
339 2268 444 2301 eadem
469 2269 625 2312 Ecclesia,
654 2271 697 2304 Θ·
717 2271 830 2315 sancia
856 2275 976 2317 Regen-

218 2317 264 2359 sis
289 2319 385 2352 Sedes
410 2318 557 2353 hafienus
591 2321 741 2363 investita
771 2320 863 2367 fuiffe
889 2323 978 2356 dino-

218 2368 318 2413 scitur
349 2379 405 2414 per
441 2368 576 2412 confinia
602 2372 644 2404 (θ’
672 2373 818 2406 terminos
853 2375 977 2407 Lunen-

216 2419 323 2462 sium,
355 2419 590 2464 Parmensium,
619 2422 844 2468 Regiensium,
873 2423 979 2458 Muti-

225 2469 364 2511 nenfium
384 2497 395 2512 ,
437 2471 683 2511 Cremonensium
710 2500 719 2515 ,
760 2477 977 2509 Mantuanen-

219 2520 324 2564 sium,
360 2521 628 2565 Ferrariensium,
664 2523 755 2570 usque
782 2525 815 2559 in
838 2525 981 2571 fluvium

570 191 1044 290 DISSERTATIOA
1062 189 1492 242 DUODECIMA:

1020 1614 1051 1646 U

1688 204 1778 260 '378

1084 253 1230 296 Padum,
1260 254 1303 286 Θ
1328 257 1446 290 Zaram
1473 272 1493 293 a
1518 257 1659 294 terminis
1686 264 1837 297 Buranae

1085 304 1118 338 in
1145 304 1312 338 Bundenio
1348 305 1382 338 in
1417 308 1534 351 undis,
1565 311 1646 350 sicut
1671 326 1692 346 a
1718 314 1837 348 Karolo

1084 357 1208 401 Ivlagno
1240 366 1297 401 per
1322 358 1474 390 decretum
1499 361 1638 406 Precepti
1664 363 1809 398 collatum
1825 391 1836 407 ,

1076 404 1149 446 sive
1175 407 1272 439 eidem
1310 406 1466 447 Ecclesiae
1493 407 1650 451 sancitum
1675 427 1710 447 ac
1736 415 1838 448 deter-

1085 466 1239 490 minatum
1270 455 1337 499 fuit
1364 457 1397 490 in
1425 457 1580 504 integrum
1612 470 1667 505 pro
1692 465 1837 509 ampliori

1084 519 1201 553 quoque
1230 506 1445 548 stabilimento
1481 508 1551 554 jam
1587 510 1677 552 satae
1709 513 1839 556 sanciae

1084 558 1249 603 Regiensis
1285 557 1439 599 Ecclesiae
1464 569 1580 594 terram
1610 560 1697 604 juris
1732 566 1839 608 Regni

1084 608 1199 651 nostri,
1235 621 1313 655 quae
1345 609 1496 653 conjacere
1531 611 1661 644 videtur
1687 612 1720 645 in
1747 614 1841 646 Civi-

1084 668 1148 692 tate
1175 660 1283 705 Regia
1309 673 1324 693 e
1350 661 1451 694 tribus
1485 661 1636 695 miliariis
1672 662 1705 696 in
1733 662 1842 696 circui.

1084 718 1141 752 tu,
1177 723 1241 745 una
1276 724 1343 744 cum
1378 712 1476 745 muris
1503 712 1546 744 (9⁴
1566 710 1711 758 soffatis,
1749 724 1842 760 atque

1084 759 1219 794 theloneo
1246 762 1288 794 (9¹
1307 761 1479 803 stradatico
1497 789 1506 806 ,
1537 763 1593 806 seu
1620 764 1715 798 etiarn
1736 765 1842 809 servis

1084 811 1138 843 vel
1164 811 1291 845 ancillis
1318 811 1400 846 inibi
1423 813 1677 858 pertinentibus,
1710 827 1843 850 omnem.

1086 874 1143 906 que
1167 861 1326 907 publicam
1347 862 1540 906 funblionem
1568 864 1746 909 largimur,
1775 879 1844 900 con.

1085 911 1240 954 cedimus,
1268 923 1360 959 atque
1384 914 1635 956 transfundimus
1662 916 1695 948 in
1719 915 1775 960 jus
1799 917 1843 950 (θ’

1085 962 1257 995 dominium
1279 963 1351 1008 jam
1373 965 1568 1010 praelibatae
1587 965 1761 1009 Ecclesiae,
1786 977 1844 1013 pro

1085 1014 1211 1045 animae
1238 1012 1374 1057 nostrae,
1402 1014 1626 1061 nostrorumque
1646 1015 1844 1061 succefforum

1086 1063 1241 1096 remedio:
1276 1074 1312 1097 ut
1347 1065 1431 1098 omni
1466 1065 1499 1098 in
1526 1076 1658 1110 tempore
1684 1067 1724 1100 ab
1760 1068 1845 1102 omni

1083 1114 1211 1159 publica*
1237 1114 1393 1148 exafflione
1428 1115 1534 1160 quieta
1561 1116 1604 1147 Θ·
1633 1115 1741 1158 secura
1773 1127 1845 1162 per-

1087 1174 1213 1197 maneat
1240 1174 1333 1208 atque
1356 1163 1527 1209 poffideat.

1139 1212 1266 1258 Insuper
1292 1213 1387 1247 etiam
1420 1212 1579 1258 prediflae
1605 1214 1759 1255 Ecclesiae
1791 1226 1849 1263 per

1087 1261 1182 1304 hujus
1210 1262 1327 1303 nostrae
1357 1262 1601 1307 confirmationis
1629 1265 1849 1301 auHoritatem

1088 1311 1305 1357 confirmamus
1322 1327 1358 1348 ac
1376 1314 1514 1360 pleniter
1532 1317 1753 1350 corroboramus
1773 1320 1850 1351 Cor.

1090 1374 1150 1397 tem
1166 1390 1176 1406 ‚
1203 1377 1281 1410 quae
1308 1364 1458 1398 Luciaria
1484 1376 1614 1399 vocatur
1629 1392 1638 1409 ,
1675 1380 1741 1400 cum
1767 1370 1850 1402 dita-

1091 1416 1146 1447 bus
1183 1414 1352 1458 Capellis‚
1389 1427 1484 1448 unam
1521 1415 1554 1448 in
1591 1416 1701 1450 honore
1736 1418 1851 1451 sancii

1091 1463 1216 1507 Georgii
1241 1463 1419 1508 antiquitus
1445 1465 1644 1505 construblam
1662 1493 1671 1510 ,
1700 1466 1743 1500 &¹
1768 1469 1850 1502 alte.

1092 1523 1158 1544 ram
1189 1511 1222 1544 in
1258 1512 1368 1545 honore
1402 1514 1515 1548 sanfli
1550 1515 1638 1549 sixti
1674 1516 1707 1550 in
1743 1518 1850 1552 littore

1092 1561 1257 1596 Paludano
1267 1575 1287 1603 ;
1324 1576 1376 1596 nec
1410 1577 1469 1597 non
1498 1565 1540 1598 (9⁴
1567 1565 1650 1610 Gajo
1677 1567 1759 1601 inter
1784 1571 1852 1603 Pa.

1090 1613 1165 1644 dum
1193 1613 1236 1644 ἴθ’
1270 1614 1460 1647 Bundenum
1488 1615 1572 1660 sito,
1610 1630 1675 1650 cum
1709 1619 1850 1653 omnibus

1089 1662 1290 1707 pertinentiis
1317 1664 1360 1697 (9¹
1386 1666 1577 1711 appendiciis
1599 1667 1690 1711 suis,
1727 1682 1763 1702 ac
1792 1670 1848 1713 sas

1092 1712 1191 1746 miliis
1227 1713 1384 1760 utriusque
1414 1715 1507 1759 sexus
1525 1730 1545 1758 ,⁴
1580 1717 1619 1750 de
1654 1731 1716 1764 qua
1752 1731 1849 1766 nuper

1093 1762 1225 1795 intentio
1244 1764 1333 1798 ,inter
1361 1767 1587 1806 Monasterium
1607 1768 1848 1815 Placentinum,

1093 1813 1146 1846 ubi
1186 1815 1286 1846 Beria
1320 1814 1491 1860 Abbatiffa
1526 1816 1658 1862 praeeffe
1697 1819 1847 1863 videtur,

1093 1864 1125 1895 in
1161 1862 1281 1896 honore
1310 1864 1446 1899 Sancsiae
1486 1867 1733 1909 Resurrefiionis
1757 1895 1766 1912 ‚
1805 1870 1848 1902 &⁶

1093 1913 1205 1946 sancti
1245 1913 1327 1955 Xifti
1367 1915 1566 1956 construbium
1587 1944 1596 1959 ,
1639 1918 1681 1950 (Υ
1721 1921 1848 1954 eandem

1092 1962 1243 1997 Sanfiiam
1271 1965 1442 2011 Regensem
1469 1967 1666 2007 Ecclesiam:
1693 1969 1735 2001 ἴθ’
1761 1969 1850 2016 lega-

1093 2014 1176 2048 libus
1208 2016 1356 2061 preceptis
1383 2016 1425 2049 &
1445 2016 1668 2063 scriptionibus
1695 2032 1730 2052 ex
1757 2030 1849 2065 parte

1094 2064 1246 2111 Regensis
1272 2065 1426 2107 Ecclesiae
1446 2067 1478 2100 in
1503 2067 1622 2111 juditio
1641 2068 1763 2110 oste-nfis
1780 2073 1811 2114 J
1813 2084 1848 2104 u.

1093 2115 1196 2149 dicum
1223 2116 1339 2150 decreto
1365 2117 1510 2162 praefata
1537 2118 1640 2152 Cortis
1667 2120 1705 2152 de
1734 2121 1849 2156 Lucia-

1094 2165 1144 2200 ria
1179 2179 1245 2200 cum
1280 2166 1388 2209 Castro
1415 2170 1457 2201 (9¹
1483 2168 1625 2213 Capellis
1660 2169 1703 2202 &²
1738 2169 1848 2216 Gajo,

1094 2216 1290 2263 omm'busque
1325 2219 1414 2252 rebus
1449 2219 1612 2252 mobilibus
1639 2218 1681 2252 (9¹
1708 2219 1849 2256 immobi-

1093 2267 1176 2301 libus
1196 2293 1206 2310 ,
1242 2280 1278 2301 ac
1312 2267 1452 2311 familiis
1487 2269 1644 2314 utriusque
1678 2269 1771 2314 sexus
1805 2273 1851 2306 ad

1093 2331 1160 2352 eam
1184 2317 1433 2364 pertinentibus,
1460 2319 1596 2354 santiae
1615 2320 1767 2365 Regensis
1787 2324 1849 2357 Ec.

1093 2368 1224 2412 clesiae,
1260 2367 1309 2402 cui
1348 2369 1525 2415 pertinuit,
1561 2369 1707 2415 legaliter
1741 2372 1848 2418 ceffi‘t,

1094 2419 1137 2452 (9⁶
1169 2419 1327 2465 prelibata
1352 2418 1526 2465 Abbatiffa
1551 2433 1618 2454 cum
1644 2422 1848 2458 Advocatore

1095 2469 1191 2518 ipsius
1216 2469 1406 2511 Monafi‘erii
1433 2470 1545 2504 exinde
1570 2470 1684 2506 audita
1711 2472 1754 2506 (Ὺ
1780 2487 1848 2508 con-

1094 2530 1182 2556 tenta
1211 2519 1402 2567 permansit,
1437 2521 1513 2568 quia
1539 2534 1575 2555 ex
1596 2531 1688 2569 parte
1714 2521 1850 2566 eiusdem

1681 2575 1801 2607 Mona.
