2185 3027
235 203 289 244 25
590 178 1104 228 DISSERTATIO
1164 177 1397 219 NONA3
1699 183 1754 219 26

228 248 384 283 ,Andreas
400 245 512 291 Judex
533 242 722 290 subscripfi.
981 242 1016 276 A
1048 238 1092 273 do
1122 236 1296 271 Placitum
1326 235 1471 278 habere,
1500 238 1533 271 8<
1564 233 1732 283 judicium
1760 235 1812 270 in.

226 300 332 334 Draco
352 294 543 343 subscripsi.
965 245 972 336 l
1049 288 1187 323 stituere
1217 286 1384 322 volebant
1412 296 1511 320 extra
1540 287 1715 322 Palatium
1748 288 1814 321 Re.

226 349 448 395 Ruginpertus
473 345 633 381 scavinus
653 342 843 390 subscripsi.
1050 339 1126 388 gis,
1154 346 1213 374 aut
1242 347 1340 373 extra
1369 336 1467 371 aedes
1489 349 1606 372 eorum
1632 337 1811 386 propriam,

287 393 290 395 —
1050 391 1086 426 ld
1115 389 1165 425 eis
1192 386 1422 424 interdistum
1451 385 1547 430 fuit,
1586 400 1694 435 neque
1724 387 1814 423 face.

1050 455 1086 476 re
1127 440 1284 483 licebat,
1326 436 1389 474 nifi
1431 437 1620 486 impetrat&
1656 439 1758 473 veni&
1793 440 1814 473 ὲ

1052 491 1208 528 dominis
1235 491 1308 539 ejus
1336 489 1461 524 domus
1489 497 1549 523 aut
1576 487 1671 535 agri.
1699 491 1815 524 Statu.

1053 552 1128 579 tum
1165 542 1202 577 id
1238 541 1307 577 fuit
1345 542 1442 588 Lege
1480 540 1594 575 XXII.
1635 538 1814 574 Ludovici

225 401 304 447 Ego
331 397 538 446 Huepuldus
565 398 694 432 Comes
723 391 899 441 subscripsi
917 420 926 428 .

227 453 300 496 Ego
327 450 489 493 Bnifritus
516 447 671 483 Notarius
693 444 880 492 subscripsi.

226 502 305 548 Ego
332 501 413 535 Odo
440 501 569 535 Comes
598 495 801 546 subscripsi.

227 554 340 597 Lupus
361 549 548 596 subscripsi.

228 602 408 636 Bodonicus
428 600 615 647 subscripsi.
1055 594 1110 629 Pii
1128 592 1273 641 Augusti
1296 592 1389 627 inter
1409 588 1715 639 Langobardicas,
1739 590 1815 624 Par.

229 653 449 687 Brandolinus
472 650 660 697 subscripsi.
1054 646 1100 679 ΙΙ.
1127 643 1238 680 Tomi
1271 645 1298 678 Ι,
1327 645 1408 678 Rer.
1438 641 1593 676 Italicam
1629 639 1689 674 ubi
1727 639 1817 687 legi-

230 703 487 738 Animadverte
523 702 560 737 in
589 701 657 736 hoc
694 698 833 735 Placito
870 699 939 734 Ita·
983 695 1011 729 Β
1055 707 1158 731 mus:
1197 695 1331 728 Minora
1365 695 1439 726 verb
1465 692 1596 726 Placita
1630 694 1736 725 Comes
1764 691 1815 723 in-

178 751 290 797 licae,
327 762 387 788 aut
424 752 610 787 Francicae
638 751 800 799 Linguae
836 763 940 784 voces
1047 747 1104 790 fra
1132 746 1227 791 suam
1249 745 1449 793 potestatem,
1487 742 1543 776 vel
1569 742 1623 776 ubi
1650 743 1816 788 impetrare

177 816 217 838 ac
234 802 391 852 phrases,
410 803 546 839 scilicet
562 802 848 843 Comena'avimus,
873 799 938 835 hoc
1049 797 1188 844 potuerit
1204 824 1214 841 ‚
1241 798 1380 831 habeat.
1417 793 1658 840 Quamobrem
1688 791 1747 827 ubi
1777 790 1816 826 in

177 853 224 889 est
262 855 513 897 comandammo,
556 853 624 888 five
663 852 939 887 commanddmes:
1053 847 1179 883 alienis
1206 847 1347 883 aedibus
1375 854 1439 881 aut
1463 844 1557 893 agris
1583 843 1688 891 (nam
1714 844 1748 877 &
1776 842 1815 876 in

177 905 212 939 8<
239 905 278 938 de
301 915 392 950 parte
419 905 644 938 Monacborum
661 931 670 946 ‚
707 901 800 950 quod
839 901 934 937 Itali·
1054 912 1161 947 agre,
1196 899 1230 933 &
1260 898 1319 933 iub
1346 897 1433 939 dio,
1461 896 1495 930 8(
1535 895 1595 930 sub
1632 893 1815 929 arboribus

178 967 218 990 ce
244 954 377 989 diceres
403 956 446 989 da
478 966 569 1001 parte
598 952 818 995 de‘Monaci,
855 953 936 987 Gal.
1054 961 1306 996 nonnunquam
1342 947 1379 983 id
1406 946 1564 993 sagium)
1595 945 1729 980 Placita
1760 956 1815 978 ce-

1054 1000 1300 1043 lebrabantur,
1330 998 1538 1034 consuevere
1566 995 1750 1038 Comites,
1778 995 1814 1029 δε

178 1055 262 1088 niret
296 1059 340 1088 ad
379 1056 521 1088 Plaido:
561 1057 593 1089 &
637 1055 788 1099 racionem
827 1054 939 1087 exinde
1053 1049 1153 1086 Miffi
1180 1049 1364 1098 exposcere
1392 1050 1409 1084 ὲ
1430 1047 1576 1083 domino
1605 1047 1677 1081 loci
1704 1045 1816 1081 facul-

176 1105 340 1147 donared:
366 1105 400 1138 δε
426 1115 482 1149 per
507 1104 661 1139 manicias
680 1105 778 1148 suas.
806 1103 873 1138 Uti
901 1103 938 1138 in
1054 1110 1164 1137 tatem
1199 1101 1281 1136 illic
1315 1098 1520 1135 instituendi
1556 1096 1708 1145 judicii.
1745 1099 1816 1130 Im-

177 1154 359 1190 Differtat.
387 1156 469 1189 VII.
505 1156 545 1188 de
573 1155 689 1189 Comit.
717 1157 829 1189 Palat.
865 1153 938 1189 ani·
976 1147 1026 1180 C¹
1054 1159 1189 1200 petrata
1224 1163 1364 1199 quoque
1395 1148 1500 1184 venia
1528 1146 1565 1183 in
1603 1146 1682 1195 ipfis
1717 1145 1816 1190 Judi-

177 1204 376 1249 madverti,
412 1206 521 1240 Anno
550 1206 788 1241 DCCCLIII.
818 1217 935 1240 occur·
1052 1202 1188 1238 ciorum
1214 1202 1358 1238 Chattis
1385 1198 1538 1248 exprimi
1565 1197 1749 1234 consuevit
1769 1196 1816 1232 iis

177 1255 227 1292 rit
265 1256 446 1303 Hucpoldus
481 1259 588 1291 Comes
624 1255 771 1291 Palatii.
810 1255 938 1291 Nescio
1052 1252 1169 1288 verbis
1192 1264 1251 1300 per
1273 1254 1355 1287 data
1372 1251 1530 1286 licentia:
1556 1262 1598 1285 ne
1619 1248 1816 1296 quidquam

179 1305 317 1342 fieri-ne
345 1307 524 1355 potuerit,
561 1316 600 1343 ut
636 1307 728 1342 idem
759 1309 937 1342 Veronen-
1050 1303 1137 1352 juris
1165 1302 1305 1339 ineam
1336 1303 1481 1338 domum
1510 1309 1570 1336 aut
1597 1312 1718 1348 agrum
1749 1299 1814 1334 tri-

178 1356 220 1392 fis
247 1359 405 1402 Comes,
441 1357 500 1406 qui
541 1357 577 1393 in
606 1357 739 1394 Charta
776 1357 839 1392 hac
869 1370 936 1392 me·
1052 1355 1156 1390 buere
1182 1354 1246 1390 fibi
1280 1354 1463 1398 judicibus
1498 1351 1650 1400 publicis
1687 1350 1723 1385 in
1753 1362 1815 1397 po-

178 1417 356 1453 moratus,
386 1408 593 1456 procedente
614 1419 770 1458 tempore
791 1409 937 1457 amplio·
1050 1405 1174 1441 sterum
1203 1405 1253 1440 fas
1281 1405 1383 1440 effer.
1421 1404 1458 1439 Id
1486 1402 1630 1450 quidem
1659 1410 1811 1436 notum:

179 1458 210 1494 ri
253 1458 320 1494 illo
361 1472 503 1496 munere
544 1460 693 1496 donatus
730 1461 764 1495 8<
802 1459 943 1495 funestus
1051 1465 1207 1492 attamen
1235 1457 1402 1504 exemplo
1438 1452 1709 1490 manifestiorem
1737 1451 1812 1486 effi-

179 1508 314 1559 fuerit3
352 1523 395 1545 an
424 1511 542 1560 potius
579 1524 685 1559 nepos
722 1510 845 1555 illius,
880 1519 940 1546 aut
1050 1521 1125 1543 cere
1153 1508 1246 1544 hunc
1273 1507 1381 1543 ritum
1411 1504 1502 1541 mihi
1532 1503 1691 1552 placuit,
1716 1503 1814 1537 evul-

179 1561 269 1596 alter
304 1561 345 1596 ab
383 1575 424 1597 eo
460 1565 568 1596 Comes
607 1562 735 1597 Palatii
773 1561 941 1597 dicendus
1051 1557 1166 1607 gando
1207 1558 1384 1593 Placitum
1415 1585 1429 1602 ‚
1472 1556 1572 1604 cujus
1610 1555 1813 1602 exemplum

179 1609 241 1645 fit.
277 1611 340 1645 Sed
369 1624 581 1659 quamquam
617 1622 716 1648 tanta
751 1612 843 1648 foret
869 1614 938 1648 Co.
976 1610 1010 1643 D
1051 1610 1176 1645 Seculo
1204 1608 1334 1645 Christi
1364 1608 1515 1644 Decimo
1552 1605 1720 1654 scriptum
1756 1605 1813 1639 de·

179 1659 351 1703 mitibus,
394 1660 460 1695 hoc
501 1661 549 1694 est
588 1662 769 1703 Judicibus
811 1662 938 1709 Popuii
1051 1659 1150 1696 sumfi
1186 1673 1252 1709 ego
1288 1661 1376 1695 olim
1414 1672 1458 1694 ex
1487 1656 1649 1694 Archivo
1686 1657 1814 1690 Mona-

179 1709 390 1751 ordinariis,
408 1709 619 1753 ευξὶοτίῐεε,
636 1712 669 1745 8<
687 1711 839 1758 amplior
854 1726 936 1758 quo·
1050 1711 1196 1746 chorum
1225 1709 1461 1746 Cafinensmm
1497 1707 1618 1746 Sanfi’ti.
1653 1707 1812 1742 Salvato-

179 1771 247 1807 que
289 1758 404 1794 Miffis
446 1760 595 1808 Regiis,
636 1758 719 1795 idest
759 1760 939 1804 Judicibus
1017 1743 1101 1843 lris.
1125 1760 1348 1797 Ticinenfis..

180 1809 490 1846 extraordinariis:
521 1810 632 1846 adhuc
650 1819 769 1846 tamen
789 1810 813 1846 s1
832 1824 940 1859 quan-

177 1005 248 1040 lice
275 1007 359 1040 verb
385 1007 424 1038 de
455 1016 531 1051 part
556 1007 610 1039 des
636 1005 789 1038 Moines:
822 1003 857 1038 &
884 1017 937 1036 ve-

179 1918 373 1962 Placitum
405 1919 445 1963 in
470 1920 650 1964 Civitate
679 1920 797 1978 Regii
830 1922 1009 1965 habitum
1042 1922 1092 1964 ab
1124 1920 1283 1963 Ildoino
1314 1920 1433 1965 Mifl'o
1458 1918 1644 1977 Hugonis
1668 1916 1815 1975 Regis,

237 1979 280 2022 in
311 1995 393 2038 quo
423 1980 617 2023 Rodulfus
648 1980 751 2023 filius
780 1983 980 2038 quondam
1013 1982 1195 2023 Unrochi
1228 1982 1403 2023 Comitis
1436 1983 1584 2023 evincit
1617 1979 1756 2023 Eccle*

395 2040 490 2083 fiam
522 2040 655 2083 San-sti
688 2040 858 2082 Faustini
890 2042 937 2083 de
971 2040 1165 2083 Herberia
1193 2053 1334 2082 contra
1364 2038 1600 2083 Aribaldum

594 2097 831 2158 Episcopum
860 2099 1123 2157 Regiensem,
1146 2102 1273 2142 Anno
1299 2115 1400 2155 945.

283 2218 340 2250 Um
367 2216 400 2273 ira
437 2215 502 2252 Dei
535 2216 687 2261 nomine,
722 2217 756 2252 in
792 2218 940 2253 Civitate
966 2224 1026 2269 &El
1051 2229 1117 2253 nus
1143 2215 1265 2253 Vaffus
1303 2217 1427 2253 Donni
1462 2217 1629 2254 Aribaldf
1663 2217 1811 2266 Episco-

307 2271 428 2312 Regm,
465 2268 551 2311 infra
585 2270 725 2311 claustra
748 2269 792 2303 (θ’
816 2273 941 2303 domum
1053 2268 1089 2316 pi
1117 2268 1212 2314 ipsius
1238 2269 1357 2313 Sedis,
1392 2280 1453 2316 per
1472 2270 1553 2303 data
1577 2269 1706 2304 licencia
1723 2296 1732 2309 ‚
1771 2269 1816 2302 (θ’

178 2317 296 2352 ,ςἀηιῗε
323 2317 430 2352 Marie
457 2321 568 2353 Mater
593 2319 752 2363 Eccleste‚
789 2321 831 2354 Θ
859 2320 938 2367 Epi·
1053 2319 1178 2355 Missus
1230 2320 1365 2355 Domni*
1418 2319 1553 2369 Ugonis
1607 2318 1817 2366 glorioliffimi

172 2368 276 2414 scopio
317 2367 405 2409 istius
446 2370 632 2416 Regiensis,
672 2371 708 2405 in
740 2372 847 2414 Sala,
884 2385 941 2418 quc
1054 2370 1186 2414 Regis,
1223 2385 1260 2404 ex
1284 2384 1320 2405 ac
1345 2370 1441 2413 causa
1472 2373 1513 2405 ab
1538 2384 1573 2405 eo
1606 2369 1817 2412 constitutus:

178 2418 221 2461 est
241 2419 279 2452 ine
295 2421 392 2453 latere
419 2419 514 2466 ipsius
540 2421 698 2466 Ecclefie,
725 2423 768 2456 Θ·
795 2422 827 2455 in
855 2425 939 2457 Lau·
1054 2421 1259 2462 residentibus
1285 2436 1355 2456 cum*
1378 2435 1411 2456 eo
1436 2421 1647 2464 Constabilis,
1675 2421 1817 2455 Grimal-

179 2470 234 2504 In’a
250 2497 260 2512 ‚
297 2483 355 2516 que
381 2470 423 2512 eft
450 2481 524 2518 aute
550 2472 727 2508 caminata
754 2472 942 2507 Dormitorr'o
973 2511 976 2515 ¹
1054 2473 1115 2506 dus
1140 2476 1170 2517 J
1173 2473 1278 2507 udices
1304 2475 1486 2508 Donnorum
1522 2476 1646 2518 Regum
1664 2500 1674 2514 ,
1711 2471 1817 2517 Ingel-

177 2519 276 2568 iPfiuS
301 2521 405 2567 Sale,
440 2520 475 2558 in
504 2521 632 2570 judicio·
653 2523 801 2567 resideret
831 2523 942 2568 fidoi,
974 2521 977 2551 ἶ
1055 2536 1155 2560 ranno
1183 2523 1322 2560 scavino
1358 2523 1447 2568 {liius
1473 2523 1641 2572 Regtenfis
1658 2550 1668 2568 ,
1706 2520 1817 2556 Μανί.Ι

1686 2586 1769 2618 nus&
