2185 3027
283 246 370 288 423
586 219 1022 271 DISSERTATJO
1067 222 1493 270 DUODECIMA.
1698 236 1784 284 425

225 290 356 335 inferius
388 286 527 322 dicendis
560 288 582 321 ἃ
611 286 853 327 Viterbiensibus
888 287 979 333 usque
1025 284 1055 318 A
1087 281 1287 326 satisfac'lum
1297 309 1306 317 .
1344 287 1437 328 Quod
1464 287 1496 326 fi
1525 297 1629 322 contra
1650 287 1750 331 facere
1776 298 1844 321 ten-

224 353 305 374 nunc
331 338 455 382 illatis,
484 339 526 372 (9²
552 339 573 372 ἃ
599 338 737 384 qualibet
762 338 830 372 alia
852 338 979 384 persona

220 401 277 438 per
302 400 441 434 eostam
468 389 501 422 in
528 389 703 432 Turribus,
731 388 892 432 domibus,
927 389 975 423 vi-

223 441 317 485 neis,
353 439 535 483 arboribus,
572 440 614 473 (9·
642 440 675 473 in
697 438 855 483 sruHibus
882 450 975 474 terra-

223 504 313 536 rum,
340 491 515 534 hortorum,
544 490 587 524 (9·
613 490 857 536 canepinarum,
885 493 977 537 quam

221 541 317 576 etiam
353 541 387 575 in
424 542 512 575 rebus
546 541 712 575 mobilibus
738 542 780 575 (9·
807 541 910 583 bestiis
937 542 978 575 (9·

219 591 378 639 personis,
408 591 454 626 ita
480 593 561 638 quod
579 591 649 633 sint
672 593 780 627 amodo
802 592 874 626 inde
894 592 975 639 quie·

221 643 271 685 ti,
295 641 442 689 pacifici,
470 643 640 688 tranquilli
656 670 666 686 ,
695 643 738 676 (9·
763 644 804 677 ab
830 643 914 676 omni
938 643 974 675 li.

222 703 253 726 te
279 693 386 726 remoti
395 706 416 734 ;
442 693 484 726 (9·
504 693 543 726 de
566 703 658 727 cetero
682 694 802 728 nullam
821 694 908 727 litem
921 693 977 738 seu

223 743 428 790 quaestionem
447 753 551 777 contra
570 743 704 790 aliquem
721 744 792 778 inde
806 743 976 787 faciemus,

221 806 274 827 nec
292 792 370 837 fieri
382 793 532 836 faciemus
548 804 605 840 per
623 793 763 840 aliquam
778 794 939 841 personam
957 796 977 828 d

221 844 309 878 nobis
329 842 509 888 submiffam
535 845 589 878 vel
608 844 875 889 submittendam.
913 848 978 879 Hoc

222 894 289 928 ideo
303 894 458 937 facimus,
475 894 550 939 quia
564 905 622 941 pro
641 895 851 929 emendatione
870 896 912 928 (9·
931 908 972 929 re-

213 943 410 986 stauratione
435 944 587 978 difforum
613 946 816 988 damnorum,
847 946 891 979 (9·
917 959 972 979 om-

223 994 309 1028 nium
328 995 511 1028 damnorum
530 995 692 1041 rect'pimus
709 997 731 1029 ὰ
746 996 829 1030 άὶἕῐσ
844 997 977 1030 Domino

221 1048 313 1091 Papa
321 1055 376 1090 pro
388 1048 418 1079 V
417 1045 630 1087 iterbiensibus
641 1048 703 1081 duo
712 1045 817 1081 millia
827 1047 974 1093 quingen·

221 1105 272 1128 tas
298 1096 415 1128 Libras
441 1097 586 1129 bonorum
609 1096 860 1142 proveniensium
878 1100 961 1130 Sena

220 1154 291 1178 tus.
327 1147 378 1177 De
407 1143 519 1189 quibus
545 1146 685 1179 omnibus
711 1159 765 1180 nos
791 1148 865 1181 bene
891 1147 972 1193 quie-

218 1203 265 1227 tos
290 1205 456 1237 vocamus,
493 1194 538 1227 (9·
572 1196 787 1230 renuntiamus
822 1211 882 1231 non
918 1210 970 1230 nu·

217 1254 354 1278 meratae
376 1243 526 1290 pecuniae
551 1245 742 1291 exceptioni,
770 1246 813 1279 (9’
838 1248 876 1281 de
903 1246 977 1294 ipsis

219 1294 346 1328 damnis
371 1294 522 1328 credimus
547 1296 635 1330 nobis
654 1295 721 1339 fore
749 1295 951 1340 satisfaffum
967 1325 976 1341 ,

220 1345 263 1378 (9·
291 1344 386 1378 etiam
411 1345 497 1380 ultra
523 1348 616 1392 quam
638 1346 739 1390 fuerit
764 1347 819 1381 vel
838 1347 908 1388 sint
932 1348 977 1394 ip-

213 1394 255 1440 sa
280 1395 418 1440 damna,
446 1397 528 1430 unde
549 1397 747 1441 sacramenta
766 1401 978 1432 Romanorum

213 1444 293 1490 sunt
328 1447 402 1480 bene
430 1446 588 1491 salvata.
625 1448 753 1495 Insuper
788 1460 841 1494 ego
876 1448 979 1481 ditius

219 1496 399 1531 Rainucius
434 1498 556 1531 nomine
582 1499 677 1532 bonae
705 1499 748 1531 Θ·
773 1497 888 1541 legalis
910 1498 977 1540 ple-

214 1545 323 1592 jariae
345 1546 446 1590 obligo
466 1559 512 1578 me
533 1547 575 1577 (9·
596 1548 676 1578 hona
694 1558 782 1587 mea,
803 1556 881 1588 quae
899 1556 979 1577 nunc

219 1595 317 1627 habeo
343 1593 387 1625 (9·
421 1593 557 1635 habebo,
595 1594 676 1639 quod
709 1596 736 1626 5
733 1593 873 1638 pinellus
888 1620 898 1636 ‚
936 1594 978 1627 (9’

215 1643 339 1688 frater,
367 1642 410 1676 (9·
436 1642 610 1677 Gratianus
629 1642 726 1686 filius
744 1643 978 1678 Bartholomaei

219 1693 309 1727 Mi&
326 1718 334 1727 .
352 1718 359 1727 .
376 1719 384 1727 .
401 1719 410 1727 .
447 1693 490 1726 (9·
524 1693 687 1739 Spinellus
712 1694 897 1738 johannis,
934 1694 977 1727 (9·

219 1745 379 1778 Robertus
407 1743 526 1787 fratres
543 1771 553 1787 ,
591 1745 633 1776 (9·
659 1745 817 1790 Scangius
841 1745 880 1778 de
905 1745 976 1778 Mi-

139 1812 160 1842 ι.
219 1793 294 1827 lano
310 1820 320 1836 ‚
349 1793 392 1827 (9·
417 1794 539 1827 heredes
566 1795 724 1828 Leonardi
750 1794 907 1838 Tebaldi,
935 1794 978 1828 (9·

214 1842 247 1885 si
272 1843 326 1890 qui
352 1843 412 1876 alii
439 1843 473 1877 in
499 1844 552 1877 hoc
577 1843 723 1888 adjacent
745 1845 852 1888 fabio,
876 1857 978 1878 omnes

221 1894 264 1927 (9·
283 1892 409 1939 singuli
444 1893 549 1928 omnia
581 1894 743 1939 praediffa
779 1905 850 1929 rata
885 1895 975 1930 habe-

218 1945 298 1979 bunt
334 1942 521 1988 &firma,
559 1944 601 1977 (9·
638 1955 742 1979 contra
778 1946 864 1979 nulio
890 1946 976 1979 modo

217 1994 348 2028 vem’ent
370 2004 426 2040 per
445 1994 481 2039 se
506 1995 560 2028 vel
584 2005 637 2040 per
672 1996 842 2042 quamlibet
877 1996 975 2031 aliam

217 2044 379 2091 personam
405 2046 445 2079 ab
470 2045 514 2079 eis
540 2043 720 2091 fitbmiffam
755 2047 809 2080 vel
839 2047 973 2091 submit-

220 2096 369 2138 tendam,
405 2095 480 2141 quia
502 2097 578 2142 pari
604 2098 690 2130 modo
708 2124 717 2140 ‚
747 2097 830 2138 sicut
856 2097 900 2131 (9·
926 2109 978 2131 no·

222 2144 292 2189 his,
318 2146 356 2179 de
381 2145 478 2179 ditiis
503 2148 629 2182 damnis
657 2147 698 2190 est
718 2148 760 2182 eis
786 2149 829 2183 ad
850 2148 978 2195 plenum

1091 333 1256 376 taverint,
1291 334 1344 366 vel
1381 346 1433 366 nos
1462 336 1635 381 supradic‘ii
1670 338 1844 372 tentaveri-

1091 396 1184 428 mus,
1221 385 1264 417 (9·
1290 384 1419 429 aliquod
1444 385 1590 419 damnum
1617 388 1752 429 Ecclesia
1778 392 1846 423 Ro-

1092 447 1212 477 mana,
1248 434 1304 479 seu
1339 437 1500 476 Senatus,
1536 437 1587 468 vel
1623 442 1750 482 Roma,
1791 439 1845 473 vel

1095 485 1296 530 Viterbienses
1323 485 1395 519 inde
1418 484 1499 531 paffi
1520 484 1665 529 fuerint,
1693 502 1777 522 omne
1804 489 1845 522 il-

1092 536 1150 569 lud
1186 537 1335 570 damnum
1375 535 1497 568 nomine
1534 535 1688 580 plejariae
1724 540 1845 572 reddere

1093 586 1136 620 (9·
1171 586 1340 629 restaurare
1370 585 1609 632 promittimus,
1647 587 1688 619 (9·
1725 588 1845 634 insuper

1085 636 1209 681 solvere
1234 648 1392 672 teneamur
1424 637 1468 670 eis
1503 636 1625 670 nomine
1658 647 1772 682 poenae
1797 638 1847 672 di-

1093 687 1173 721 Ham
1197 688 1360 734 pecuniam
1385 688 1540 734 duplam.
1579 689 1626 721 Et
1646 687 1753 731 soluti
1776 698 1849 734 poe-

1062 746 1065 777 ζ
1093 741 1135 771 nti
1157 739 1229 773 baec
1253 741 1373 773 Charta
1393 737 1494 782 firma
1519 748 1718 784 permaneat.
1743 741 1848 783 =Q-uatn

1063 780 1064 791 ¹
1093 789 1244 824 Chartam
1276 789 1398 836 publice
1432 788 1627 833 scribendam
1669 790 1849 835 rogavimus

1095 842 1291 875 Romanum
1335 838 1477 875 Sanssae
1515 840 1692 874 Romanae
1728 840 1848 875 Eccle-

1093 890 1156 925 fiae
1181 890 1407 925 Scriniarium
1434 891 1468 924 &
1497 889 1652 924 Scribam
1681 892 1846 934 Senatus,

1060 961 1062 982 ,
1093 941 1135 973 (9·
1162 942 1345 975 Forenciurn
1372 940 1616 984 Justitiarium,
1644 940 1677 974 in
1709 941 1845 985 Mense,

1092 991 1134 1025 Θ·
1161 991 1333 1025 Ῑηάίἑῗὶοηε
1354 991 1567 1038 suprascripta
1600 992 1652 1025 VI.

1141 1045 1282 1076 Domnus
1307 1042 1495 1077 Anibaldus
1521 1040 1621 1082 testis.

1140 1095 1253 1126 Petrus
1270 1093 1432 1137 Johannis
1460 1091 1595 1137 Ylperini
1621 1090 1705 1133 testis
1721 1117 1730 1126 .

1139 1146 1253 1176 Petrus
1279 1143 1427 1177 Maneft'i
1453 1141 1556 1183 testis.

1139 1193 1378 1236 Transmundus
1404 1191 1507 1232 testis.

1139 1242 1328 1275 Matthaeus
1354 1239 1546 1275 Scriniarius
1572 1239 1656 1280 testis
1670 1265 1679 1274 .

1130 1292 1272 1336 Jacobus
1296 1290 1521 1338 Soguattarius
1548 1289 1633 1332 testis
1647 1316 1656 1325 .

1139 1345 1253 1376 Petrus
1279 1341 1466 1389 Bulgamini
1492 1340 1594 1382 testis.

1139 1394 1225 1427 Bobo
1242 1392 1406 1436 johannis
1433 1391 1570 1426 Bobonis
1595 1390 1699 1433 testis.

1129 1444 1297 1485 Jobannes
1323 1442 1438 1475 Rencii
1464 1441 1572 1482 tellis.

1136 1493 1208 1535 Ego
1230 1492 1407 1525 Romanus
1428 1490 1558 1534 santiae
1580 1492 1756 1526 Romanae
1778 1493 1843 1527 Ec-

1086 1538 1204 1575 clefiae
1225 1539 1455 1583 Scriniarius,
1483 1541 1517 1574 &
1538 1541 1656 1576 Scriba
1677 1543 1842 1585 Senatus,

1090 1591 1134 1624 (9·
1160 1590 1343 1624 Forencium
1360 1593 1390 1635 J
1393 1590 1590 1635 ustitiarius‚
1619 1602 1744 1638 rogatus
1764 1592 1843 1637 scri.

1012 1654 1044 1687 D
1080 1640 1156 1688 psi,
1185 1640 1229 1673 (9·
1254 1641 1427 1687 complevi.

1134 1690 1302 1727 Chartam
1331 1704 1470 1739 quoque
1505 1690 1582 1727 vidi
1619 1691 1783 1740 scriptam
1820 1694 1838 1728 ὲ

1074 1743 1226 1786 Johanne
1252 1742 1341 1775 Mele
1366 1742 1539 1776 scriniario
1567 1744 1743 1790 Anagniae
1769 1745 1842 1778 An·

1083 1805 1130 1827 no
1149 1793 1357 1827 MCCXXI.
1378 1792 1427 1827 ita
1449 1802 1486 1827 ut
1511 1792 1569 1827 vix
1595 1793 1748 1828 dubitari
1769 1793 1842 1840 pos-

1084 1841 1146 1886 fit,
1174 1841 1260 1889 quin
1296 1842 1490 1876 Scriniarius
1515 1844 1548 1877 &
1575 1844 1730 1877 Notarius
1748 1842 1842 1879 idem

1083 1893 1171 1928 olim
1199 1891 1324 1927 fuerit.
1361 1894 1441 1938 Qua
1468 1893 1604 1927 ratione
1642 1895 1723 1927 verb
1759 1894 1843 1928 Scri.

1083 1944 1181 1978 niarii
1207 1942 1296 1978 olim
1326 1944 1458 1978 Romae
1485 1943 1768 1987 instituerentur,
1797 1957 1840 1980 ex

1083 1994 1146 2029 hac
1173 1993 1246 2041 ipsa
1272 1992 1422 2029 formula
1451 1992 1623 2036 addisces,
1644 2005 1748 2040 quam
1770 1995 1841 2029 Co.

1082 2045 1147 2081 dex
1183 2046 1307 2079 MStus
1343 2043 1470 2080 Cencii
1511 2043 1708 2080 Camerarii
1748 2043 1838 2081 mihi

1083 2094 1320 2146 suppeditavit
1331 2120 1340 2131 .

299 2262 483 2320 Qualiter
513 2268 660 2322 Judex,
690 2269 729 2310 8(
760 2267 984 2312 Scriniarius
1012 2268 1036 2311 *a
1066 2270 1254 2310 Romano
1283 2265 1472 2310 Pontifice
1501 2264 1768 2309 instituantur.

345 2448 373 2480 le
389 2474 399 2490 ,
427 2450 481 2494 qui
498 2450 610 2493 Judex
645 2453 686 2495 est
720 2454 948 2489 examinandus
963 2481 972 2497 ,

221 2396 400 2498 QUum
423 2398 638 2444 praesentatur
663 2406 785 2438 Domno
808 2406 915 2449 Papae
935 2403 973 2436 il.

220 2502 416 2533 examinatur
439 2499 528 2545 pr1'us
554 2501 577 2534 α’
598 2503 845 2547 Cardinalibus‚
869 2505 971 2551 quali-

218 2556 266 2580 ter
285 2548 320 2594 se
347 2550 381 2584 in
407 2552 526 2597 Legum
552 2551 694 2588 datiana
721 2554 903 2603 intelligat,
931 2555 973 2589 (9·

1080 2401 1112 2444 fi
1138 2399 1276 2446 legitime
1311 2409 1404 2434 natus
1434 2399 1559 2443 suerit,
1595 2399 1639 2432 (9·
1664 2398 1840 2434 laudabili-

1086 2464 1132 2486 ter
1157 2450 1372 2494 conversatus.
1400 2451 1470 2496 Qui
1488 2449 1520 2491 fi
1547 2449 1674 2483 idoneus
1699 2459 1836 2496 repertus

1082 2503 1203 2547 fuerit,
1240 2501 1409 2535 hominium
1446 2500 1488 2534 (9·
1515 2500 1710 2545 fidelitatem
1736 2499 1839 2541 secun-

1084 2555 1159 2589 dum
1193 2552 1437 2598 consuetudinem
1471 2554 1683 2587 Romanorum
1718 2553 1840 2585 Domno

1722 2604 1790 2638 ,Pa-
