2185 3027
727 207 1134 268 ANTIQUIT.
1183 207 1421 253 MEDII
1468 211 1650 258 AEVI
1853 222 1940 274 672*

377 343 401 363 ‚,
429 318 573 368 Signum
588 318 722 357 Domni
732 320 878 358 Ottonis
888 320 1035 371 piiffimi
1059 314 1284 457 ἶὲἷ
1306 333 1344 357 ac
1355 320 1578 359 inviffiffimi
1590 323 1814 373 Imperatoris
1825 326 1973 376 Augusti
1984 336 1998 364 .·

434 210 516 267 ὄγῐ

951 521 1056 564 Adest
1081 521 1233 568 Sigillum
1260 535 1374 559 cereum
1399 539 1465 560 cum
1493 525 1596 574 effigie
1621 527 1744 561 Ottom's
1770 526 1817 565 ἔφ’
1843 527 1945 562 literis

1078 573 1218 608 OTTO
1246 576 1544 612 IMPERATOR
1571 579 1853 614 AVGVSTVS.

419 685 446 722 '„
474 675 663 725 Luitgerus
698 660 938 711 Cancellarius
974 672 1015 709 ad
1052 673 1169 709 vicem
1203 673 1370 711 VVidonis
1405 673 1572 724 Episcopi
1607 676 1642 710 δε
1671 674 1993 713 Archicancellarii

368 736 396 772 '„
422 727 610 776 recognovi
639 727 671 761 δε
701 724 900 772 sublcripfi.

421 804 445 822 „
474 780 564 813 Data
586 779 646 811 IV.
667 776 839 811 Kalendas
862 775 1029 824 Augusti,
1056 776 1159 810 Anno
1182 775 1390 811 Dominicae
1411 775 1668 812 Incarnationis
1689 778 1995 815 DCCCCLXIV.

368 854 394 874 „
422 828 619 864 Indiciione
648 828 729 862 VII.
756 827 865 862 Anno
894 829 976 862 vero
1005 827 1139 862 Domni
1167 826 1312 862 ottonis
1340 825 1488 876 Augusti
1515 827 1741 877 Imperatoris
1769 827 1918 865 Tertio.

417 956 442 974 „
469 927 602 964 Actum
630 929 727 964 Luce
754 927 926 965 feliciter.
954 930 1092 966 Arnen.

416 1031 585 1067 Ceterum
625 1030 794 1081 postremo
832 1034 911 1068 loco
948 1031 1049 1067 fateri
1085 1044 1121 1066 o-
1163 1032 1194 1065 A
1233 1043 1271 1066 ac
1291 1029 1453 1072 censum,
1478 1037 1539 1067 aut
1562 1029 1737 1067 redituum
1763 1038 1892 1066 certam
1913 1043 1993 1079 par-

366 1090 503 1130 portet,
525 1082 563 1117 in
582 1084 678 1119 varia
695 1082 885 1119 ‘hominum
910 1084 1120 1120 Liberorum

365 1146 404 1167 ac
432 1135 615 1169 Servorum
642 1134 731 1182 apud
759 1145 891 1170 veteres
919 1134 1123 1170 conditione

365 1183 466 1231 plene
503 1184 755 1230 dignoscenda,
783 1198 972 1230 eorumque
1009 1185 1121 1219 nomi-

365 1245 451 1268 num
487 1242 645 1267 accurata
676 1232 930 1279 fignificatione
967 1234 1122 1268 indican-

365 1283 431 1328 da,
459 1284 571 1318 multa
607 1295 670 1318 nos
706 1281 845 1330 fugere,
873 1295 911 1317 ac
949 1281 1052 1317 facile
1086 1296 1122 1318 u-

367 1346 450 1369 num
494 1346 572 1369 cum
614 1333 724 1366 altero
762 1331 928 1366 confundi
971 1333 1062 1378 posse
1103 1334 1122 1369 ὲ

366 1384 489 1424 nobis,
518 1381 586 1417 alia
613 1393 705 1415 nunc
733 1391 870 1414 morum
906 1380 1042 1413 ratione
1071 1383 1120 1415 vi-

364 1432 549 1469 ventibus.
577 1432 668 1467 Nam
691 1428 846 1477 exempli
869 1428 984 1464 caussa
1008 1428 1045 1463 in
1066 1441 1119 1463 an·

363 1483 475 1530 tiquis
516 1480 754 1517 monumentis
791 1488 980 1515 occurrunt
1017 1490 1125 1528 nuper

366 1533 551 1570 memorati
588 1531 823 1578 Adscriptitii,
857 1531 889 1565 &
927 1530 1024 1564 Servi
1054 1531 1123 1577 gle-

364 1585 443 1628 bae,
472 1597 558 1632 quos
594 1581 758 1618 nonnulli
793 1581 883 1617 veris
921 1580 1035 1616 Servis
1071 1594 1122 1616 ac-

364 1633 526 1678 censent,
555 1647 662 1681 quum
697 1642 789 1669 certe
825 1631 920 1667 duris
949 1631 1122 1666 conditio-

365 1686 467 1722 nibus
505 1684 637 1719 addiffi
674 1682 789 1718 {orent
821 1682 1009 1722 Dominis.
1038 1695 1121 1730 quo·
1150 1702 1153 1735 Ι

365 1749 442 1772 rum
469 1748 547 1770 rura
572 1734 753 1769 colebant.
782 1734 955 1768 Attamen
977 1732 1120 1768 statuen·
1150 1751 1153 1764 π

363 1787 446 1822 dum
489 1785 560 1828 est,
603 1784 764 1820 servilem
807 1792 928 1818 notam
976 1782 1153 1819 minime’

363 1835 589 1883 Adscriptitiis
613 1834 844 1883 inurendam;
872 1833 998 1870 Liberi
1024 1834 1122 1881 quip=

363 1901 405 1937 pe
433 1896 531 1923 erant
561 1898 639 1921 cum
668 1885 806 1934 origine
844 1895 918 1920 tum
954 1884 1062 1928 statu,
1091 1886 1123 1920 8<

363 1939 401 1974 in
429 1939 452 1973 l.
473 1951 510 1972 ne
536 1937 659 1971 diutius
679 1938 721 1972 C.
748 1939 787 1970 de
805 1936 970 1981 Agricolis
991 1936 1033 1969 &⁵
1057 1950 1121 1970 cen·
1149 1951 1153 1973 ι,

358 1989 458 2032 fitis,
502 1987 641 2023 fortuna
691 1987 892 2033 adscriPtitia
932 1987 1124 2034 opponitur

356 2039 501 2086 servili0·
528 2038 620 2086 quod
658 2039 691 2073 ὃς
726 2037 815 2072 aliae
853 2039 964 2085 Leges
1002 2038 1122 2072 eodem

361 2091 399 2126 in
440 2091 521 2125 loco
563 2088 751 2124 evincunt.
793 2087 867 2132 Qui
909 2090 946 2122 in
989 2087 1123 2123 Codice

361 2139 605 2178 Theodofiano
626 2139 708 2175 Lib.
736 2139 796 2173 XI.
818 2137 896 2173 Tit.
919 2150 975 2183 24·
996 2139 1035 2172 de
1058 2142 1121 2173 Pa.

359 2191 501 2227 trociniis
528 2191 551 2225 l.
579 2191 612 2226 6.
641 2190 861 2237 appellantur
897 2189 981 2223 Vicis
1006 2189 1120 2233 adscri-

360 2242 433 2290 pti,
465 2242 500 2277 &
541 2241 595 2288 qui
636 2240 801 2285 Homolegi
843 2252 922 2273 more
959 2239 1122 2286 gentilitio

363 2302 608 2339 nuncupantur,
645 2290 795 2339 ejusdem
834 2290 968 2338 generis
1006 2289 1120 2334 fuere,

363 2352 401 2379 ut
423 2342 579 2390 pluribus
602 2341 750 2377 ostendit
770 2340 1028 2376 Gothofredus.
1050 2345 1118 2375 Ru.

356 2394 429 2437 stin·
451 2393 558 2429 etiam
581 2391 713 2428 alicubi
734 2392 976 2438 appellantur,
997 2392 1030 2426 &
1053 2391 1116 2426 sae-

364 2444 441 2493 pius
468 2444 580 2478 Coloni
608 2442 674 2477 five
713 2443 856 2477 Villani.
898 2441 1120 2478 Excolendos

361 2505 478 2530 autem
506 2494 741 2529 Dominorum
775 2506 873 2542 agros
901 2492 1119 2540 accipiebant

366 2543 486 2592 (quod
523 2544 556 2578 δ(
595 2544 768 2590 agricolae
809 2543 914 2579 nostri
950 2543 1113 2590 faciunt)

1233 1091 1302 1117 tem
1324 1083 1369 1118 iis
1394 1081 1606 1131 reddebant;
1634 1082 1689 1117 sed
1713 1081 1764 1117 ita
1788 1080 1892 1117 infixi
1917 1082 1991 1130 gle-

1233 1133 1294 1168 bae
1311 1160 1321 1175 ,
1350 1133 1433 1168 idest
1460 1134 1550 1180 agris
1577 1132 1639 1169 fibi
1667 1132 1808 1174 creditis
1826 1159 1835 1176 ‚
1864 1141 1903 1166 ut
1933 1132 1990 1166 in-

1232 1183 1273 1218 de
1301 1184 1420 1219 inviro
1449 1183 1606 1218 Domino
1642 1183 1791 1230 migrare
1818 1181 1912 1217 nefas
1940 1181 1989 1216 es-

1233 1233 1301 1268 set.
1330 1236 1375 1269 Et
1403 1233 1425 1267 fi
1453 1232 1633 1280 quisquam
1664 1232 1780 1280 fugam
1808 1232 1989 1275 tentabat,

1233 1283 1272 1317 ad
1301 1284 1470 1329 exemplum
1497 1284 1593 1317 Servi
1615 1282 1782 1329 fugitivi,
1812 1290 1850 1317 ut
1880 1283 1924 1316 est
1953 1282 1990 1316 in

1231 1333 1255 1367 l.
1276 1346 1342 1366 cum
1360 1333 1442 1377 satis
1468 1335 1509 1368 C.
1535 1333 1679 1377 eodem,
1706 1345 1852 1381 poenam
1874 1332 1990 1368 incur-

1231 1383 1356 1426 rebat,
1385 1383 1486 1431 eique
1523 1383 1682 1418 fortunae
1719 1392 1792 1418 erat
1828 1383 1891 1418 ille
1912 1384 1990 1429 Jup-

1229 1430 1346 1472 Pvfitus
1373 1445 1436 1464 una
1463 1447 1528 1466 cum
1556 1434 1639 1467 omni
1661 1432 1767 1477 sobole
1787 1433 1870 1477 sua,
1899 1433 1991 1467 nulla

1165 1470 1209 1504 ΒΛ
1234 1476 1417 1511 liberatione
1453 1478 1481 1510 ei
1516 1481 1641 1523 penitus
1673 1493 1854 1525 competente
1873 1508 1884 1525 ,
1922 1481 1990 1517 hoc

1235 1526 1301 1570 est,
1329 1526 1410 1562 dum
1442 1527 1616 1563 Dominus
1652 1538 1878 1576 repugnaret.
1907 1533 1991 1564 Non

1232 1577 1302 1613 alia
1339 1578 1544 1612 Nsanemium
1581 1577 1719 1614 fortuna
1759 1577 1857 1614 fuisse
1896 1579 1992 1615 vide-

1232 1636 1308 1663 tur:
1339 1627 1406 1664 hoc
1442 1628 1486 1664 est
1522 1641 1591 1664 non
1627 1628 1764 1665 ratione
1802 1629 1990 1674 personae,

1233 1678 1288 1714 sed
1317 1678 1426 1723 ruris,
1455 1679 1511 1715 cui
1549 1688 1645 1715 erant
1676 1679 1863 1728 adscripti,
1892 1680 1990 1716 Servi

1234 1729 1494 1777 quodammodo
1519 1733 1789 1778 reputabantur,
1811 1743 1916 1778 quum
1940 1740 1989 1766 ta-

1235 1793 1314 1815 men
1343 1780 1465 1816 Liberi
1493 1793 1610 1816 revera
1638 1780 1774 1825 forent,
1802 1794 1912 1829 neque
1940 1781 1989 1816 eis

1234 1830 1275 1866 ad
1314 1831 1490 1879 pristinam
1529 1830 1745 1867 Libertatem
1787 1844 1988 1879 recuperan-

1234 1881 1313 1917 dam
1351 1880 1623 1917 Manumiffione
1658 1893 1744 1928 opus
1773 1880 1873 1915 effet.
1911 1882 1988 1916 Ho-

1202 1939 1208 1961 ,3
1236 1932 1347 1969 mines
1373 1934 1411 1967 de
1438 1932 1601 1976 Masnada
1637 1931 1703 1967 sese
1729 1929 1987 1979 obstringebant

1205 1964 1208 2027 Ι
1235 1984 1275 2018 ad
1308 1996 1401 2018 arma
1439 1996 1500 2030 pro
1539 1982 1694 2017 Domino
1731 1980 1919 2023 sumenda,
1951 1982 1985 2016 δε

1201 2033 1272 2085 lin
1309 2033 1502 2070 exercitum
1541 2032 1746 2081 prodibant,
1775 2031 1913 2077 quoties
1950 2045 1988 2066 o-

1236 2098 1296 2133 pus
1324 2094 1416 2120 erat.
1442 2081 1650 2129 ,Adscriptitii
1677 2095 1758 2116 vero
1787 2080 1854 2116 five
1879 2083 1988 2117 Colo-

1235 2135 1295 2179 ni,
1322 2134 1490 2184 ejusmodi
1518 2131 1734 2179 obligatione
1769 2131 1906 2166 fortasse
1934 2146 1988 2167 ca.

1235 2186 1388 2222 ruerint.
1415 2185 1530 2221 Secula
1556 2182 1738 2230 posteriora
1769 2182 1847 2217 aliis
1873 2182 1987 2217 nomi.

1235 2237 1337 2273 nibus
1372 2234 1624 2285 significarunt,
1654 2246 1739 2279 quae
1776 2233 1986 2280 antiquiori-

1236 2288 1296 2323 bus
1324 2287 1361 2323 in
1390 2286 1447 2322 usu
1470 2293 1585 2318 erant.
1615 2286 1710 2318 Haec
1737 2292 1849 2319 autern
1883 2282 1988 2331 Agri-

1235 2339 1388 2373 colarum
1424 2334 1583 2370 conditio
1611 2334 1646 2369 in
1678 2335 1779 2370 Italia
1815 2332 1912 2369 desnt
1950 2333 1987 2368 επὶ

1234 2389 1309 2436 ipsi
1334 2387 1374 2421 de
1403 2384 1537 2428 caussa,
1565 2398 1651 2431 quae
1689 2384 1801 2419 servos
1833 2384 1985 2420 n'ustulit.

1237 2438 1415 2474 Nimirum
1445 2435 1603 2483 prolciffo
1631 2438 1750 2483 Regno
1777 2448 1881 2484 paene
1909 2434 1986 2470 dixi

1234 2489 1271 2523 in
1298 2487 1498 2523 innumeros
1523 2486 1781 2529 dominatores,
1808 2484 1829 2519 fi
1855 2485 1913 2532 qui
1942 2499 1984 2520 ex

1234 2538 1324 2574 hisce
1370 2536 1518 2574 Colonis
1558 2537 1596 2572 in
1639 2535 1872 2572 finitimorum
1917 2536 1987 2581 fle.

1790 2599 1937 2634 rumque
