2185 3027
270 201 347 242 177
545 179 1026 224 DJSSERTATJO
1088 180 1498 228 UNDECJMA.
1692 190 1769 242 ¹73

204 245 354 292 Legitur
383 241 471 291 apud
508 243 696 277 Gruterum
737 254 810 289 pag.
853 244 957 287 1078.
1000 245 1033 278 A
1074 241 1277 285 justinianei
1324 241 1468 276 Codicis
1509 242 1599 279 nihil
1643 253 1828 284 occurrat,

203 307 300 330 num.
341 306 371 329 1.
410 292 596 341 Inscriptio
633 291 741 340 polita
778 294 830 327 M.
867 292 959 338 Ulpio

202 345 345 392 ,Augusti
374 344 499 378 Liberto
524 343 717 386 Phaedimo,
752 342 816 390 qui
852 355 960 390 nuper

205 396 347 431 laudato
375 395 529 442 Trajano
555 393 761 441 Imperatori
783 393 893 428 fuerat
914 394 959 428 A.

203 447 478 482 COMMENT.
550 445 931 479 BENEFICIORUM
951 470 961 478 .

205 496 303 542 Quid
332 495 451 542 plura?
481 494 607 530 Cicero
635 494 706 541 ipse
733 494 872 530 videtur
891 494 957 541 eju·

205 546 318 582 smodi
346 545 507 589 Beneficia
527 545 729 580 memorasse
756 545 794 580 in
821 545 959 579 Oratio-

205 611 249 633 ne
277 610 338 645 pro
366 596 519 632 Archia.
556 596 661 642 Quod
691 595 713 630 fi
741 595 825 630 haec
852 595 962 630 adhuc

206 647 350 683 obscura
375 656 542 694 reputas,
579 647 698 694 accipe
734 659 823 695 quae
858 649 962 681 Lam·

205 698 340 747 pridius
368 697 540 745 scripserit
566 697 608 732 de
635 696 840 732 Alexandro
864 698 963 731 Seve·
1004 698 1031 731 Β

203 762 243 784 ro
281 747 463 796 Augusto:
509 748 612 790 Sola,
648 761 726 793 quae
758 748 796 781 de
832 746 966 788 hostibus

201 810 296 847 capta
305 799 383 843 sunt
393 827 402 841 ‚
414 798 587 833 limitaneis
602 798 743 832 Ducibus
757 799 801 831 (9·
811 797 966 831 militibus

204 849 366 889 donavit,
395 849 441 882 ita
467 859 503 882 ut
528 861 628 882 eorum
656 848 715 890 ista
741 845 897 893 effint‚si
914 847 962 880 he-

205 902 291 934 redes
318 899 442 933 illorum
470 900 669 932 militarent.
708 899 887 932 Praeterea
924 896 964 931 de

204 950 320 985 Probo
357 948 515 997 Augusto
553 949 636 984 haec
674 947 766 983 idem
808 947 965 996 Scriptor

205 1009 342 1035 narrat:
375 1000 537 1034 Veteranis
563 999 668 1033 onmia
695 999 775 1042 illa,
803 1011 881 1045 quae
907 1012 960 1032 an·

200 1050 290 1096 gasle
324 1051 480 1082 adeuntur
516 1050 655 1092 Isauriae
690 1049 780 1091 loca,
824 1048 965 1095 privatis

202 1098 363 1133 donavit:
389 1100 531 1140 addens,
557 1108 594 1130 ut
620 1111 720 1131 eorum
740 1098 812 1141 filii
831 1100 871 1133 ab
889 1101 960 1133 An-

205 1161 245 1184 no
280 1147 525 1190 &invadet-imo,
564 1160 661 1181 mares
696 1151 884 1191 dumtaxat,
922 1149 966 1182 ad
1006 1145 1036 1178 C

203 1198 355 1235 militiam
382 1197 596 1231 mitterentur.
623 1199 719 1232 Haec
747 1210 865 1233 revera
894 1197 962 1245 spe-

205 1249 294 1284 ciem
324 1249 500 1283 feudorum
527 1246 745 1294 praeferunt,
774 1259 880 1293 quum
903 1247 962 1282 sub

205 1313 243 1336 ea
271 1298 475 1335 conditione
502 1299 579 1332 loca
600 1297 662 1332 illa
684 1295 860 1331 militibus
881 1310 958 1331 con-

205 1349 428 1389 cederentur,
457 1357 495 1383 ut
522 1361 642 1383 eorum
671 1347 782 1395 postea
810 1346 878 1382 filii
905 1348 960 1381 mi-

202 1401 352 1442 litarent,
381 1398 440 1433 ubi
469 1411 658 1446 congruam
683 1407 833 1432 aetatem
854 1397 960 1432 attin-

203 1459 348 1498 gerent.
377 1451 492 1485 Nemo
521 1459 636 1483 autern
666 1448 832 1496 ignorat,
870 1447 957 1482 fimi.

202 1501 231 1536 li
258 1500 328 1535 fere
357 1499 458 1547 patsto
486 1501 598 1533 Feuda
624 1499 739 1540 olim,
776 1499 809 1532 δε
847 1510 960 1540 nunc,

203 1550 431 1591 contributa,
469 1557 508 1583 ut
547 1548 721 1590 Vaffalli,
764 1560 870 1594 quum
910 1561 960 1582 res

205 1599 338 1648 poscit,
367 1598 513 1633 domino
533 1597 641 1632 Feudi
664 1596 844 1640 militent,
866 1611 955 1632 eum-

205 1663 271 1697 que
292 1648 380 1691 fide,
402 1647 528 1691 armis,
545 1657 649 1694 atque
669 1646 822 1682 confiliis
843 1656 957 1682 tuean-

203 1708 280 1734 tur.
309 1701 480 1734 Attamen
509 1710 571 1732 nec
599 1696 642 1732 fic
671 1697 812 1743 quidem
842 1697 958 1744 justam

202 1758 361 1785 tenemus
389 1750 565 1782 Feudorum
592 1747 804 1794 imaginem.
833 1749 958 1782 Roma-

203 1812 329 1835 norum
358 1797 487 1845 quippe
523 1796 684 1840 Beneficia
720 1796 813 1831 fuere
841 1806 900 1832 aut
928 1810 959 1832 a-

203 1849 257 1898 gri
285 1851 364 1883 dono
391 1848 464 1882 dati
492 1847 694 1889 militibus,
733 1847 866 1882 dire8m
902 1847 960 1882 do-

204 1899 309 1935 minii
338 1900 411 1947 jure
438 1897 586 1933 minime
611 1896 804 1932 reservato.
830 1899 962 1945 Aperte

204 1949 430 1996 Lampridius
458 1948 509 1983 ait
537 1948 703 1982 Donavit.
742 1950 818 1983 Aut
854 1948 960 1983 etiam

205 2000 443 2036 Praeief’turae
477 1997 644 2041 fuerunt,
689 1998 843 2046 quandiu
880 1997 962 2034 fine-

203 2051 261 2086 bat
291 2050 478 2097 Princeps,
506 2049 710 2084 duraturae.
740 2049 834 2084 Idem
857 2051 962 2085 Lam-

204 2100 339 2149 pridius
368 2100 405 2135 in
432 2099 666 2134 Alexandro:
697 2101 806 2134 Dabat
832 2100 904 2133 haec
930 2099 963 2133 in

206 2150 374 2195 Beneficiis
390 2177 400 2193 ‚
434 2162 511 2197 quae
532 2150 654 2192 famam
681 2149 749 2194 ejus
776 2163 835 2183 mm
862 2151 962 2184 laede-

203 2212 272 2235 rent
289 2227 296 2235 .
316 2203 419 2249 *Bona
441 2201 641 2247 privatorum
670 2201 737 2234 &a
767 2199 962 2247 Praepositu-

203 2264 255 2286 νας
282 2251 412 2285 locorum
439 2250 584 2285 cti-uilium
604 2252 671 2286 &aa
700 2251 959 2293 Administratio-

203 2315 256 2336 nes
282 2301 349 2335 &a
379 2300 540 2348 Denique
577 2303 817 2336 Romanorum
855 2303 959 2336 Bene-

201 2350 282 2387 ficia
324 2350 546 2399 conjunfi‘tam
582 2352 732 2388 minime
767 2352 962 2387 habuerunt

201 2401 488 2446 jurisdictionem
501 2429 510 2445 ,
526 2414 593 2448 qua
610 2415 726 2438 revera
744 2402 866 2437 donati
885 2402 962 2437 sunt

199 2452 425 2502 posteriorum
441 2454 661 2488 saeculorum
673 2453 831 2488 Vaffalli.
841 2455 961 2498 Quum

197 2506 282 2540 vero
313 2503 407 2538 inter
435 2511 490 2537 tot
517 2504 629 2552 Leges
662 2503 897 2540 Theodofiani
925 2505 959 2539 &

307 2557 396 2589 Tom.
424 2555 468 2588 IL

1076 292 1167 340 quod
1190 294 1366 326 feudorum
1384 299 1539 326 naturam
1557 294 1709 330 redoleat
1721 322 1731 338 ‚
1747 294 1828 341 quei

1075 344 1142 378 rite
1169 342 1315 385 statuas,
1342 353 1462 376 eorum
1499 350 1693 388 temporum
1731 348 1832 379 Bene.

1071 393 1149 437 ficia
1175 406 1254 429 cum
1292 390 1572 439 subsequentium
1609 395 1827 431 Saeculorum

1075 443 1244 488 Beneficiis
1264 442 1319 478 seu
1341 441 1460 477 Feudis
1480 441 1607 475 merito
1628 444 1716 488 posse
1737 458 1831 479 com.

1077 493 1185 542 poni?
1220 493 1318 540 Quid
1347 494 1430 528 vero
1457 490 1588 526 fuerint
1625 494 1750 527 Scrinia
1770 499 1831 528 Be-

1076 544 1274 589 neficiornm,
1310 543 1396 591 quid
1433 541 1593 586 Beneficia
1629 541 1665 576 in
1694 546 1833 589 Aquae.

1075 595 1238 630 dufiibus
1256 622 1266 639 ‚
1294 594 1408 630 edicet
1435 592 1503 628 tibi
1531 591 1768 628 Gothofredus
1796 595 1831 629 in

1079 645 1186 681 Notis
1213 645 1254 681 ad
1282 645 1364 681 Lib.
1394 646 1454 679 XI.
1482 643 1560 679 Tit.
1590 645 1666 678 XX.
1699 645 1831 691 Legem

1078 698 1140 731 IV.
1168 697 1201 731 δε
1231 695 1271 730 ad
1299 695 1381 732 Lib.
1410 696 1489 729 XV.
1518 693 1596 729 Tit.
1626 695 1671 729 ΙΙ.
1702 697 1833 742 Legem

1078 748 1140 781 VI.
1167 746 1313 782 Codicis
1340 743 1597 781 Theodofiani.

1127 799 1177 832 Ea
1197 797 1308 845 igitur
1328 795 1499 831 sententia
1518 793 1739 844 praeferenda
1757 808 1834 830 om-

1078 847 1163 882 nino
1191 847 1281 882 mihi
1319 846 1492 890 creditur,
1529 858 1616 893 quae
1643 847 1662 880 a
1690 848 1835 881 Germa-

1077 897 1154 932 niae
1184 897 1328 945 Populis
1366 898 1542 931 Feudorum
1576 895 1753 944 originem
1782 910 1835 931 ar-

1076 946 1195 982 ceffit.
1233 949 1354 995 Atque
1391 947 1474 982 haec
1510 946 1712 982 innumeros
1749 949 1835 982 Ger-

1076 997 1232 1033 manicae
1260 997 1374 1046 gentis
1402 995 1568 1033 Eruditos
1606 1010 1667 1043 pro
1704 996 1736 1032 se
1773 1010 1836 1031 nu-

1076 1057 1207 1092 merat,
1228 1050 1245 1083 ὲ
1267 1048 1392 1095 quibus
1414 1061 1456 1082 ne
1474 1059 1581 1081 unum
1609 1046 1752 1093 quidem
1773 1059 1836 1081 no-

1077 1098 1209 1133 minare
1237 1098 1273 1132 in
1301 1111 1336 1132 re
1364 1107 1436 1131 tam
1465 1096 1602 1144 patenti
1638 1095 1683 1130 est
1721 1109 1834 1143 opus.

1076 1147 1259 1183 Subscribo
1285 1148 1320 1181 &
1348 1159 1434 1194 ego,
1463 1157 1533 1180 non
1560 1154 1695 1180 tantam
1717 1155 1835 1181 tamen

1076 1197 1327 1244 antiquitatem
1356 1208 1539 1244 germanae
1560 1195 1759 1231 Feudorum
1781 1196 1836 1231 in-

1075 1247 1248 1282 stitutioni
1279 1246 1436 1282 tribuens
1453 1273 1462 1290 ‚
1490 1255 1658 1294 quantam
1686 1248 1838 1281 nonnul-

1076 1297 1103 1332 li
1132 1296 1192 1332 fibi
1231 1296 1439 1343 persuasere.
1478 1296 1622 1332 Scilicet
1658 1295 1737 1332 sunt
1773 1297 1835 1343 qui

1076 1351 1092 1382 ὲ
1107 1347 1346 1395 Langobardis
1363 1347 1572 1382 Germaniae
1590 1346 1733 1394 Populis
1750 1350 1837 1382 Peu-

1077 1398 1199 1433 dorum
1229 1397 1326 1433 usum
1354 1397 1538 1440 derivant,
1575 1396 1702 1444 quibus
1730 1398 1835 1432 affert-

1078 1448 1138 1483 tiri
1166 1461 1337 1494 nequeas,
1364 1460 1472 1494 quum
1501 1460 1613 1494 neque
1633 1447 1670 1482 in
1696 1449 1838 1496 Lango-

1079 1497 1261 1532 bardorum
1291 1500 1425 1545 Regum
1454 1496 1631 1545 Legibus,
1659 1510 1771 1545 neque
1798 1499 1835 1533 in

1078 1547 1218 1583 vetustis
1233 1547 1347 1596 gentis
1364 1548 1463 1583 illius
1478 1548 1718 1583 monumentis
1736 1548 1838 1596 quid-

1077 1611 1180 1645 quam
1207 1606 1389 1642 occurrat,
1426 1597 1516 1633 unde
1552 1599 1709 1639 eluceat,
1746 1599 1836 1643 apud

1077 1662 1134 1683 eos
1163 1649 1315 1696 Populos
1344 1648 1458 1684 Feuda
1479 1648 1515 1683 in
1537 1647 1598 1684 usu
1620 1647 1738 1684 fuisse.
1758 1651 1838 1685 Ple-

1077 1698 1176 1745 rique
1196 1702 1279 1733 vero
1298 1712 1343 1733 ex
1364 1698 1523 1734 Eruditis
1544 1698 1704 1739 censent,
1730 1702 1837 1734 Fran.

1077 1760 1196 1782 corum
1225 1756 1387 1795 gentem,
1415 1761 1503 1795 quae
1530 1749 1563 1783 8<
1591 1748 1663 1795 ipsa
1688 1751 1836 1784 Germa.

1078 1796 1172 1831 niam
1201 1807 1348 1832 matrem
1377 1797 1526 1841 habuit,
1566 1798 1740 1845 originem
1778 1798 1835 1834 de.

1076 1847 1159 1882 diffe
1187 1847 1335 1890 Feudis,
1363 1849 1394 1882 8<
1423 1848 1566 1895 quidem
1594 1857 1673 1882 ante
1694 1850 1836 1897 Lango-

1078 1897 1261 1932 bardorum
1288 1906 1472 1942 tempora.
1511 1898 1693 1934 Nimirum
1732 1900 1835 1934 Secu-

1076 1949 1110 1982 lo
1152 1947 1227 1995 ipso
1270 1947 1487 1983 Christianae
1534 1950 1647 1983 Aerae
1692 1948 1834 1994 Quinto

1074 1997 1298 2034 clodovaeus
1334 2000 1410 2033 Rex
1451 1997 1687 2044 (Aimoino,
1725 2008 1764 2034 ut
1800 2012 1835 2035 a·

1076 2048 1179 2095 junt,
1217 2048 1299 2083 teste
1326 2048 1410 2084 Lib.
1437 2049 1465 2085 I.
1493 2051 1580 2095 Cap.
1614 2060 1669 2094 14.
1697 2049 1738 2084 de
1765 2051 1835 2085 Ge.

1075 2098 1132 2133 stis
1170 2099 1414 2146 Francorum)
1451 2099 1655 2133 Milidunum
1691 2099 1835 2141 Castrum

1074 2149 1172 2182 eidem
1198 2149 1400 2193 Aureliano,
1428 2162 1494 2182 cum
1520 2149 1618 2182 torius
1641 2152 1768 2184 Ducatu
1789 2163 1835 2183 re-

1070 2199 1202 2245 gionis,
1225 2198 1297 2243 jure
1323 2197 1477 2242 Beneficii
1502 2199 1656 2243 conceffit.
1685 2200 1834 2234 Carolus

1078 2259 1194 2284 autem
1222 2248 1425 2284 Molinaeus
1461 2248 1606 2290 scribit,
1642 2247 1675 2284 se
1712 2248 1835 2285 vidisse

1074 2300 1208 2346 antiqua
1235 2299 1439 2341 instrumenta
1473 2299 1654 2333 donationis
1689 2300 1835 2346 antiquo.

1076 2363 1143 2383 rum
1170 2351 1368 2393 Feudorura,
1391 2348 1496 2392 fabiae
1518 2359 1575 2394 per
1601 2349 1835 2384 Childebertum

1074 2401 1217 2435 Primum
1245 2400 1395 2434 Clodovei
1429 2399 1533 2434 Primi
1560 2398 1671 2443 filium
1697 2402 1836 2435 Franco.

1073 2464 1144 2485 rum
1171 2455 1289 2496 Regem
1317 2449 1508 2492 Monasterio
1543 2450 1655 2483 Sanfii
1683 2451 1834 2485 Germani

1076 2500 1254 2541 Pratensts.
1293 2499 1488 2549 Bignonius
1523 2511 1663 2548 quoque
1690 2500 1746 2534 vir
1773 2500 1834 2536 do-

1181 2552 1225 2586 M
1674 2549 1783 2586 &iffi-
