2185 3027
206 195 287 236 ως
537 158 1020 222 υιεεΕκΤΑΤιο
1082 179 1387 227 DECJMA.
1641 195 1722 229 106

144 238 214 275 cis.
249 242 337 275 Dum
371 239 446 287 ipsis
470 239 641 274 antediHis
667 237 825 274 Scavinis
854 250 900 273 ta-

142 290 218 324 liter
242 288 430 335 audiffemus
457 290 555 335 ipsum
582 291 779 324 Bernardurn
798 290 901 324 dicen-

142 350 231 384 tem,
259 342 340 387 quod
367 339 500 386 nescisset
516 368 526 384 ‚
554 341 596 373 (9¹
623 341 661 373 de
687 337 749 387 qua
776 353 807 374 re
833 354 900 374 eum

143 390 299 434 mallaffet
309 418 401 427 .....
416 402 452 426 ut
477 392 590 425 darent
621 392 721 424 eidem
747 391 903 425 Elimberi

142 443 181 476 de
208 442 292 487 ipsas
318 455 364 477 res
389 442 624 485 monstrandas,
653 442 696 475 (9⁶
719 443 826 476 dedit.
855 444 902 476 Et

143 495 327 528 Bernardus
352 493 441 527 dedit
465 493 504 527 de
530 492 690 535 constituto
705 519 716 528 .
741 495 778 527 In
802 492 901 539 pofito

140 553 246 578 autem
288 543 448 586 constituto
488 542 686 589 coniugentes
727 557 774 577 eos
815 544 901 578 ambe

139 593 245 640 partis
259 594 416 641 presentia
436 593 601 629 Bet-nardi
624 593 762 628 Inlustri
778 592 900 628 Comi-

143 643 174 678 ti
202 645 245 678 ad
279 644 472 687 Monasterio
507 644 620 678 sancii
654 645 792 679 Zenonis
823 644 903 687 foris

144 707 229 728 muro
255 695 414 729 Civitatis
442 695 677 738 Veronensium,
706 695 760 729 ubi
786 708 852 729 cum
872 708 904 728 eo

143 747 255 779 aderat
282 744 482 787 Hodelard‚
506 744 632 791 7Hiso,
669 747 780 793 Upert
808 746 902 780 Scul-

141 793 226 830 dafii
238 822 356 831 ......
371 794 487 831 Gauso
523 795 683 839 Judices,
721 795 903 831 Martinus

142 844 303 880 Scavinis
323 847 388 881 &c.
409 847 458 880 hic
484 846 563 887 cepit
590 846 768 880 antediflus
795 847 901 880 Etim-

142 895 208 929 beri
234 896 386 941 adversus
419 895 558 942 predicio
585 898 746 930 Bernardo
782 909 904 942 querere

139 945 326 990 justitiam:
360 946 496 981 Emitte
533 945 625 981 mihi
661 946 835 982 rationem
863 946 904 982 de

143 994 235 1042 ipsas
255 1010 328 1040 res,
357 997 447 1032 unde
471 996 578 1032 tertio
606 998 675 1045 jam
697 1007 796 1032 antea
818 998 903 1032 mal·
935 1021 937 1023 -

143 1045 242 1080 lavi.
279 1047 333 1080 sic
358 1047 449 1080 dedit
474 1050 659 1081 Bernardus
686 1048 819 1087 Inlusier
845 1052 899 1081 Co-

142 1094 204 1128 mis
231 1094 345 1138 Missos
364 1096 437 1138 suos
463 1097 501 1128 de
522 1097 591 1138 suis
601 1123 712 1132 ......
726 1099 904 1132 Hodelardo

142 1144 327 1189 sculdasio,
355 1145 398 1179 ἴθ’
424 1145 546 1188 Gifulso
572 1148 731 1190 Scavim,
768 1148 904 1195 qualiter
946 1153 977 1187 C

143 1194 226 1228 inter
263 1208 310 1229 eos
346 1195 414 1242 ipsa
450 1196 654 1230 intencionem
688 1199 874 1233 deltberaret
893 1226 905 1235 .

142 1248 191 1280 Et
212 1245 341 1290 fecimus
368 1246 428 1292 ipsi
455 1247 618 1281 Bernardo
644 1248 720 1282 dare
747 1250 900 1285 Hodelar-

141 1297 182 1330 do
217 1297 394 1342 Sculdafiio
433 1308 579 1341 trewas,
615 1307 653 1331 ut
686 1297 817 1343 veniffi’t
851 1300 903 1334 die

134 1346 245 1391 Jovi,
281 1349 363 1394 quod
397 1348 438 1390 es?
469 1348 603 1392 secundo
629 1349 681 1383 die
707 1350 807 1393 mense
833 1354 898 1395 Ju-
934 1358 935 1361 ’

141 1397 185 1431 lio
202 1425 211 1441 ,
239 1399 283 1432 ad
309 1399 480 1439 Ecclesiam
506 1399 620 1434 Sanfli
645 1400 777 1434 Andrei
804 1400 837 1434 in
860 1405 900 1436 U-

141 1448 257 1491 merio,
294 1449 327 1483 in
355 1450 479 1484 Placito
504 1451 549 1484 ad
569 1449 699 1495 justicia
730 1451 902 1494 faciendo,

141 1498 346 1545 coniungente
372 1501 402 1542 se
427 1500 584 1535 antediflo
611 1502 792 1536 Hodelardo
810 1504 899 1536 Scul-

140 1548 239 1591 dafirio
266 1550 308 1582 <J
335 1551 458 1594 Gisulfo
485 1551 530 1584 Θ·
555 1551 756 1586 Audiverto
779 1552 897 1588 Scavi·

139 1596 217 1641 nis,
246 1599 300 1631 ubi
318 1613 384 1632 curn
410 1603 453 1634 eis
478 1601 588 1636 aderat
615 1601 782 1646 Garibert‚
809 1607 898 1637 Aut.

141 1649 207 1682 bert
233 1649 384 1692 Notarii,
419 1652 600 1683 Aodelbert
625 1652 785 1686 Diaconus
813 1654 897 1688 Vice-

141 1699 305 1741 dominus,
333 1702 399 1732 Tei
388 1699 504 1744 pald
541 1699 695 1733 Wilivert
721 1701 790 1734 &c.
816 1703 896 1736 Ale.

141 1748 276 1791 manni,
318 1748 472 1797 Giselbert
510 1750 550 1782 de
588 1749 715 1793 Brescia
751 1750 818 1785 &a
853 1753 896 1784 ad

134 1795 330 1844 singulorum
355 1798 463 1841 causas
487 1799 681 1833 audiendum
703 1801 758 1833 vel
775 1800 895 1844 finien-

139 1850 237 1883 dum.
274 1849 382 1894 Ibique
406 1849 536 1883 veniens
571 1850 615 1884 ad
641 1862 740 1884 eorum
773 1851 895 1897 presen-

140 1900 219 1933 tiam
247 1900 426 1943 Elimberi,
455 1901 498 1934 (9⁶
523 1913 560 1934 ex
585 1900 654 1934 alia
677 1911 767 1946 parte
790 1902 894 1948 predi-

139 1949 186 1983 &0
213 1952 396 1994 Bernardo,
426 1951 541 1985 ibidem
569 1950 744 1991 ostendebat
770 1952 893 1986 antedi-

140 1999 207 2033 ξῖω·
243 2001 400 2036 Elimberi
433 2002 601 2037 Cartalam
629 2002 742 2045 suain,
779 2006 893 2037 Cartu-

138 2050 204 2085 lam
230 2052 444 2096 vinditionis,
480 2052 534 2086 vel
560 2054 652 2086 breve
686 2053 895 2094 tradicionis,

140 2113 196 2146 que
199 2114 230 2134 m
268 2103 345 2136 bone
384 2103 527 2136 memorie
565 2103 768 2149 Erchenpald
792 2131 801 2146 ,
843 2104 897 2151 qui

136 2150 203 2194 suit
225 2165 299 2197 gen
303 2163 351 2186 tor
384 2152 460 2199 ipsio
487 2154 555 2188 ἔφα.
581 2155 629 2187 Et
665 2153 732 2199 ipsa
761 2156 896 2189 Cartula

133 2200 254 2246 scr1'pta
281 2214 348 2237 erat
371 2214 426 2249 per
451 2204 566 2238 ScrIva
599 2204 745 2250 publico,
774 2205 817 2237 Θ·
843 2215 885 2238 te-

133 2251 197 2294 ster
224 2251 343 2286 idoneis
377 2265 522 2289 rovorata
553 2254 587 2288 in
613 2254 725 2289 «funis
761 2254 894 2290 Domni

139 2301 307 2338 Lotharii
344 2304 460 2352 magni
497 2304 751 2353 Imperatoris,
788 2307 895 2340 Anno

139 2352 285 2388 Immerii
322 2367 394 2402 ejus
429 2354 468 2389 in
495 2355 562 2391 Dei
600 2354 744 2391 nornine
780 2358 895 2392 XXII.

139 2404 175 2438 ὅ(
205 2403 338 2439 Domni
372 2403 583 2441 Ludowhici
622 2405 700 2441 filio
728 2407 800 2455 ejus
830 2409 892 2442 Re-

139 2466 219 2502 gem
258 2453 295 2489 in
334 2454 438 2490 Italia
468 2457 572 2492 Anno
604 2459 649 2492 ΙῘ.
678 2457 792 2492 mense
820 2459 890 2492 Au

139 2504 490 2554 gusto,1ndi8tione
514 2508 581 2543 111.
605 2510 654 2543 Et
680 2507 715 2542 in
741 2508 810 2556 ipsa
828 2510 893 2544 bre-

944 240 979 274 A
1018 251 1058 272 ve
1095 238 1280 272 tradicionis
1316 241 1521 284 interfuerunt
1555 244 1714 280 Garibald
1738 245 1777 277 de

1015 300 1125 334 genere
1153 291 1365 331 Francorum,
1395 293 1591 328 Erirnbertus
1618 298 1779 330 Aleman-

1018 352 1096 382 nus,
1126 341 1221 385 Upert
1250 341 1475 385 Langobardns
1492 369 1502 384 ,
1529 346 1662 379 Geriald
1690 349 1780 379 Lan.

1014 391 1193 435 gobardus,
1221 389 1426 436 Aielgausus
1455 394 1682 437 Langobardus
1710 396 1778 430 &c-

1016 440 1070 474 sic
1116 440 1200 474 dixit
1242 440 1304 487 ipse
1350 441 1508 475 Elimberi
1533 454 1551 474 .·
1593 445 1679 479 Vere
1718 445 1781 481 ista

1017 492 1162 526 Cartula
1201 490 1445 535 vindicionis,
1484 492 1540 526 vel
1582 492 1685 528 breve
1711 504 1781 531 tra-

1017 540 1169 577 dicionis
1215 541 1305 576 mihi
1346 542 1443 576 nulla
1484 555 1555 576 non
1596 542 1744 590 impedit
1769 571 1782 588 ,

1019 605 1080 636 pro
1125 605 1166 627 eo
1209 592 1301 639 quod
1343 591 1426 627 falsa
1468 587 1508 627 'fit
1529 620 1539 636 ,
1585 593 1670 640 quia
1710 593 1781 640 ipse

1017 642 1235 691 Erchenpald
1277 641 1349 691 ipsa
1390 644 1537 678 Cartala
1578 644 1631 677 vel
1678 643 1782 679 breve

1016 693 1222 729 tradicionis
1248 721 1259 738 ,
1308 706 1412 741 quam
1460 703 1501 729 tu
1545 693 1698 729 Bernard
1742 707 1782 729 o-

1016 743 1141 779 stendis
1159 770 1409 780 .........
1433 757 1488 780 me
1535 743 1684 780 scrivere
1724 758 1782 779 ro-

1016 794 1126 841 gavi.
1168 795 1221 829 Sic
1263 795 1536 841 interrogaverunt
1579 795 1782 830 Hodelardus

1014 845 1235 888 Sculdascius,
1263 859 1326 879 una
1353 859 1419 879 cum
1444 845 1513 889 jam
1539 846 1638 880 aistis
1664 846 1782 880 Sca-vi.

1016 895 1066 928 nis
1094 895 1157 940 ipsi)
1180 895 1320 941 prediblo
1348 897 1547 939 Elimberio,
1577 895 1610 937 st
1632 907 1698 943 pot
1692 895 1780 941 tifflet

1015 945 1110 979 talem
1130 945 1342 992 signacionem
1371 946 1494 989 facere,
1529 949 1674 998 quomodo
1701 947 1780 982 Ad-

1014 996 1164 1042 delburga
1197 996 1264 1042 post
1290 994 1411 1040 difteffo
1440 989 1641 1043 Vulseganzo
1663 999 1701 1031 de
1728 998 1779 1044 ip-

1008 1045 1064 1089 sas
1090 1059 1137 1079 res
1168 1046 1255 1091 justa
1276 1047 1334 1091 suo
1361 1047 1551 1094 Morgincap
1577 1049 1620 1081 ad
1653 1048 1780 1093 proprio

1015 1096 1166 1138 investita
1194 1095 1326 1140 suisset,
1362 1107 1418 1131 aut
1457 1097 1524 1143 ipsa
1560 1099 1696 1131 Cartula
1722 1100 1778 1132 vel

1013 1147 1106 1180 breve
1140 1146 1326 1181 tradicionis
1360 1146 1464 1190 falsas
1500 1148 1688 1192 comprobare
1721 1158 1780 1195 po-

1013 1195 1139 1240 tuiffet,
1166 1210 1208 1231 an
1237 1210 1316 1230 non.
1346 1197 1436 1246 ,Quia
1464 1197 1510 1231 ita
1536 1198 1622 1231 dixit
1649 1198 1693 1231 Θ*
1711 1211 1779 1233 ma-

1014 1246 1179 1290 nifestavit
1210 1247 1244 1290 se
1278 1246 1340 1292 ipse
1375 1247 1552 1281 antediffus
1589 1248 1778 1294 Elimberi‚

1014 1297 1095 1343 quod
1114 1297 1209 1330 talem
1228 1297 1488 1344 consignationem
1509 1298 1612 1342 facere
1639 1312 1698 1333 non
1720 1310 1777 1346 po-

1015 1345 1139 1391 tuisset,
1172 1361 1224 1382 nec
1251 1348 1318 1394 ipsa
1347 1350 1483 1383 cartula
1510 1350 1564 1383 vel
1591 1351 1683 1384 breve
1710 1360 1777 1385 tra-

1013 1398 1148 1432 dicionis
1168 1397 1273 1443 salsas
1293 1401 1484 1445 comprobare
1503 1400 1632 1433 menime
1656 1400 1776 1446 potuis-

1007 1449 1076 1493 set.
1106 1451 1192 1483 Dum
1211 1462 1265 1482 nos
1284 1449 1453 1483 antediciis
1481 1451 1658 1484 Hodelardo
1685 1452 1776 1485 Scul-

1012 1498 1112 1543 dascio
1128 1527 1138 1543 ‚
1169 1500 1212 1532 Θ·
1236 1498 1304 1542 jam
1329 1500 1426 1533 diffiis
1451 1500 1596 1544 Gisulfus
1623 1501 1668 1534 &⁴
1699 1505 1776 1536 Au.

1013 1550 1120 1583 divert
1146 1550 1297 1584 scavinis
1317 1550 1425 1584 taliter
1443 1551 1682 1593 audiverimus,
1711 1552 1775 1598 ἱρῇ)

940 1604 974 1637 D
1014 1601 1188 1634 Elimberio
1214 1601 1355 1648 loquente
1371 1628 1381 1644 ,
1410 1602 1453 1636 &⁶
1473 1602 1509 1647 fl:
1535 1601 1775 1646 manifestante,

1013 1653 1095 1697 quod
1124 1652 1190 1686 tale
1220 1652 1403 1698 probacione
1432 1652 1534 1696 facere
1561 1666 1621 1687 non
1655 1653 1775 1700 potuis..

1008 1701 1083 1744 set,
1114 1701 1159 1742 fic
1195 1702 1304 1746 nobis,
1340 1705 1394 1736 vel
1429 1704 1485 1749 qui
1513 1704 1666 1748 nobiscum
1699 1705 1775 1738 ade-

1016 1760 1110 1792 rant,
1138 1751 1215 1784 νεὲῗε
1238 1753 1369 1797 paruit,
1397 1764 1433 1786 ut
1458 1756 1583 1789 haberet
1608 1755 1671 1800 ipse
1695 1757 1773 1788 Ber·-

1016 1800 1133 1833 nardus
1161 1800 1244 1845 ipsas
1272 1815 1342 1844 res,
1379 1806 1461 1836 unde
1497 1804 1579 1838 inter
1607 1805 1643 1848 se
1670 1805 1774 1838 inten-

1015 1849 1129 1882 cionem
1148 1850 1279 1884 habuere
1298 1854 1342 1885 ad
1361 1853 1486 1898 proprio
1504 1853 1591 1898 justa
1611 1854 1673 1898 sua
1692 1858 1774 1889 Car„

1015 1900 1085 1934 tula
1110 1900 1164 1934 vel
1190 1901 1344 1945 tradicio,
1372 1913 1408 1935 ut
1431 1904 1533 1949 postea
1562 1905 1643 1938 inter
1670 1918 1718 1938 eos
1741 1919 1772 1939 e.

1014 1950 1109 1984 xinde
1150 1952 1272 1985 nullam
1311 1952 1431 1987 oriatur
1467 1955 1620 2000 intencio,
1652 1956 1703 2001 set
1736 1956 1772 1990 in

1013 2001 1119 2034 eadem
1144 2002 1367 2036 deliberacione
1393 2004 1447 2037 vel
1476 2004 1627 2049 finicione
1661 2007 1774 2041 debeat

941 2060 969 2093 Ε
1009 2061 1210 2109 perrnanere.
1247 2055 1295 2086 E:
1312 2051 1449 2096 finitum
1476 2055 1518 2096 est
1544 2056 1625 2090 inter
1650 2070 1697 2090 eos
1725 2057 1773 2103 ip-

1007 2101 1047 2145 sa
1084 2101 1237 2136 intencio.
1278 2106 1366 2137 Unde
1401 2118 1436 2139 ac
1471 2106 1586 2141 noticia
1617 2107 1773 2150 Judicati

1013 2152 1150 2198 qualiter
1167 2153 1375 2187 deliberatum
1397 2155 1460 2198 eft,
1482 2156 1593 2203 scripsi
1614 2160 1684 2203 Ego
1703 2161 1772 2192 Ga-

1011 2203 1131 2236 sbertus
1158 2203 1310 2236 Notarius
1335 2218 1372 2238 ex
1405 2205 1480 2250 suff
1468 2219 1535 2240 one
1561 2208 1601 2240 de
1620 2208 1772 2254 supradi-

1012 2252 1059 2286 Ho
1094 2252 1270 2296 Sculdafitio
1317 2255 1373 2288 vel
1408 2270 1444 2289 ex
1481 2256 1601 2291 difflato
1636 2259 1675 2291 de
1712 2258 1770 2302 su-

1008 2303 1191 2350 prascriptis
1217 2305 1393 2349 Scavinis,
1429 2308 1615 2353 temporibus
1652 2308 1769 2342 Domni

1010 2353 1195 2389 Lodowhici
1214 2356 1323 2401 magni
1343 2357 1562 2403 Imperatoris,
1589 2358 1687 2393 Anni
1708 2361 1769 2393 [m.

1005 2406 1090 2452 perii
1114 2404 1201 2450 ejus,
1224 2404 1258 2438 in
1287 2406 1349 2440 Dei
1374 2407 1516 2452 nomine,
1542 2411 1644 2443 Anno
1661 2409 1768 2455 Septi-

1008 2470 1076 2501 mo,
1097 2456 1194 2501 mense
1208 2459 1239 2500 J
1240 2457 1326 2502 ulio,
1344 2457 1519 2494 Indifbione
1539 2461 1597 2495 IV.
1611 2459 1769 2504 feliciter.

1580 2561 1717 2609 Signum
