2185 3027
380 202 464 256 ‘387
667 205 1074 266 ANTIQUJT.
1135 207 1370 252 MEDIJ
1426 211 1608 255 AEVJ
1813 217 1893 270 388

321 262 375 292 tra
402 258 553 297 sentiant
580 262 614 298 δε
642 263 792 301 scribant
820 269 1005 304 Canonum
1027 270 1079 304 in·
1114 268 1146 301 Α
1193 268 1247 303 nis
1264 297 1271 305 .
1299 270 1470 307 Omnium
1500 270 1778 320 antiquissimum
1807 275 1954 309 Formas

320 315 518 360 terpretes3
548 312 660 351 immo
695 329 739 352 ne
775 318 966 366 majoribus
1002 320 1078 367 qui-

320 357 422 404 dem,
461 363 599 409 quoties
626 375 748 414 agatur
774 368 816 404 de
842 369 1079 404 instrumentis

319 407 504 467 dumtaxat
533 415 696 465 Episcopi
724 419 869 454 Curiam
906 421 939 454 &
976 433 1078 468 nego-

320 467 372 495 tia
392 462 677 512 respicientibus,
706 470 810 504 Certe
838 470 940 518 lrujus
967 470 1017 505 rei
1046 484 1076 505 e-

319 514 460 561 xempla
502 516 590 563 apud
633 519 741 554 Italos
782 519 893 555 nostra
938 534 1077 569 quoque

318 563 518 619 tempestate
547 567 694 609 minime
714 569 964 607 defiderantur.
995 573 1074 607 Por-

316 625 357 647 ro
385 626 422 648 in
450 615 581 652 Charta
610 617 707 654 Anni
737 622 949 656 DCCCXX.
971 635 1075 670 quam

317 665 453 711 protuli
481 667 518 702 in
560 668 806 706 Difl'ertatione
834 673 895 707 IX.
923 673 961 706 de
991 673 1074 718 Mis.

309 713 359 755 fis
386 715 453 752 &a
482 730 670 756 occurrunt
696 720 765 756 duo
801 722 932 757 Notarii
967 727 1075 770 Regu-

317 766 425 811 lares,
462 780 532 815 quo
560 772 703 807 nomine
730 771 922 819 designatos
949 774 1077 820 opinor

316 817 465 851 Notarios
491 821 698 864 ominans,
727 835 835 869 quum
863 823 926 859 alii
954 823 1074 860 fortas-

315 864 350 900 se
387 865 517 904 fuerint
553 879 650 906 extra
687 872 847 909 ordinem
886 874 1074 923 aliquando

315 915 358 950 ad
386 916 421 951 id
451 931 574 955 munus
602 921 752 958 adlcffi.

341 967 427 1023 ‘Sed
445 970 549 1025 ’quod
579 973 760 1021 praecipue
788 974 825 1010 in
852 977 974 1013 oculos
999 990 1074 1012 orn-

313 1028 413 1051 nium
442 1020 614 1065 incurrit,
644 1023 724 1059 dum
750 1025 825 1061 aE‘ta
848 1036 1005 1063 veterum
1026 1030 1075 1063 le—

312 1077 470 1127 guntur3
512 1071 693 1120 imperitia
734 1077 966 1114 Notariorum
1004 1078 1073 1122 est,

313 1126 419 1163 atque
447 1125 673 1167 ignorantia,
710 1140 797 1173 quae
828 1128 871 1163 “in
908 1129 1073 1165 omnibus

313 1165 423 1202 ferme
451 1182 569 1205 eorum
600 1174 741 1210 Chartis
779 1178 916 1213 elucet.
953 1179 1074 1215 Infeli-

312 1229 389 1273 cem
420 1220 585 1256 Latinam
614 1223 791 1272 Linguam
821 1230 998 1274 appelles,
1037 1243 1068 1264 u-

314 1267 350 1302 bi
380 1277 433 1303 tot
455 1272 675 1308 Soloecismis
696 1288 735 1310 ac
757 1277 983 1313 Barbarismis
1003 1278 1073 1314 foe-

314 1317 432 1354 datam
462 1319 520 1356 sub
559 1322 702 1359 illorum
742 1326 902 1363 manibus
938 1328 1070 1365 intuea-

313 1381 370 1403 re.
400 1371 578 1407 Interdum
608 1383 704 1410 tanta
726 1376 769 1411 est
790 1377 867 1412 illic
890 1379 1071 1415 verborum
1095 1396 1096 1399 ¹

312 1431 352 1452 ac
379 1419 565 1457 stru5lurae
593 1424 772 1470 confusio,
810 1436 850 1462 ut
887 1429 965 1474 quis
993 1429 1072 1465 scri-

311 1476 433 1525 pturae
462 1471 601 1516 sensus,
630 1487 762 1521 quaeve
799 1475 840 1510 fit
868 1478 1072 1512 contrahen-

312 1527 402 1554 tium
432 1520 611 1566 intentio,
649 1524 781 1559 etiamsi
811 1525 899 1561 serio
927 1526 1069 1562 medite-

309 1582 369 1612 re,
397 1570 460 1606 vix
489 1572 672 1621 assequaris
691 1602 699 1610 .
739 1578 844 1611 Nunc
876 1577 990 1612 aeneis
1019 1586 1072 1622 ty·-

309 1619 364 1667 pis
392 1620 570 1671 impressos
599 1624 764 1662 habemus
788 1628 983 1675 complures
1009 1628 1071 1664 Li-

311 1670 422 1716 bros,
464 1674 734 1712 Tabellionatus
772 1678 899 1713 Artem
944 1687 1070 1726 pertra-

310 1720 471 1767 Staures,
511 1725 570 1761 ubi
609 1726 786 1763 variorum
826 1728 1068 1764 Instrumento-

309 1785 386 1808 rum
415 1773 586 1811 formulae
614 1790 676 1825 pro
704 1778 928 1826 negotiorum
957 1780 1069 1815 diver.

309 1822 410 1859 fitate
426 1825 706 1872 praescribuntur
718 1856 726 1872 ,
743 1831 776 1865 δε
794 1829 985 1878 specimina
1001 1832 1069 1866 Te-

308 1873 577 1918 stamentorum.
616 1879 902 1926 Codicillorum,
940 1890 1070 1917 cetero·

308 1938 457 1972 rumque
484 1928 706 1975 publicorum
736 1932 982 1968 contraffiuum
1013 1946 1071 1968 ex·

309 1975 494 2013 hibentur.
533 1979 590 2014 Ad
620 1980 682 2016 hos
710 1981 823 2018 fontes
853 1983 1000 2028 bibunt,
1037 1985 1069 2019 8(

310 2026 346 2061 in
376 2027 545 2076 ejusmodi
575 2031 699 2066 Schola
728 2033 956 2078 erudiuntur,
994 2035 1067 2081 qui·

311 2091 458 2126 cumque
487 2089 630 2125 tyrones
654 2082 694 2117 ad
723 2084 951 2119 Notariatum
975 2098 1071 2120 exer·

310 2129 455 2164 cendum
486 2130 592 2167 hodie
610 2132 799 2169 accedunt.
829 2134 993 2183 Plerique
1014 2148 1070 2171 ve-

310 2182 348 2213 ro
377 2180 630 2218 Mutinensium
659 2184 696 2219 in
734 2184 823 2220 hanc
858 2199 932 2221 rem
969 2194 1071 2222 utun-

313 2240 369 2265 tur
403 2233 584 2279 „Archeiypo
624 2234 924 2280 Instrumentorum,
967 2250 1071 2285 quem

311 2282 461 2319 Librum
488 2284 600 2320 edidit
629 2286 839 2322 Dominicus
868 2287 984 2323 Maria
1013 2290 1070 2324 So-

311 2332 424 2369 lianus
456 2336 694 2372 Brixellenfis.
726 2337 825 2373 Paria
854 2338 1010 2386 antiquis
1038 2352 1070 2373 e-

312 2384 397 2420 tiam
426 2385 519 2422 fuere
548 2387 732 2435 praesidia,
770 2389 937 2437 nullaque
972 2388 1070 2436 regio

312 2444 370 2469 aut
398 2436 537 2472 Civitas
566 2440 833 2488 numerabatur,
861 2439 918 2475 cui
946 2452 1016 2474 non
1037 2451 1070 2473 a·

311 2491 431 2537 liquod
460 2490 693 2526 Formularium
721 2490 938 2540 suppeteret,
965 2499 1070 2536 atque

312 2542 527 2590 usurparetur
563 2541 582 2574 ὲ
612 2541 780 2578 Notariae
817 2541 919 2577 Artis
958 2542 1069 2577 alum-

1193 320 1304 356 larum
1346 322 1514 370 ejusmodi
1564 322 1789 358 colleffiorem
1834 324 1953 359 Gallia

1195 371 1295 406 nobis
1322 371 1474 408 servavit
1502 373 1724 417 Marculfum,
1763 373 1864 421 cujus·
1889 374 1952 409 Li-

1195 421 1271 456 bros
1307 422 1495 459 illustravit
1532 422 1780 459 eruditissimus
1822 423 1953 471 Bigno-

1193 470 1302 516 nius,
1338 473 1440 521 eique
1475 483 1609 510 veteres
1647 473 1733 509 alias
1769 475 1951 509 Formulas

1193 521 1327 558 addidit
1361 524 1379 558 ὲ
1415 525 1623 567 Sir-mondo,
1661 523 1951 572 Lindenbrogio,

1193 581 1296 620 atque
1324 574 1341 608 a
1371 573 1401 609 se
1430 575 1504 623 ipso
1542 574 1732 618 collcff’ms,
1770 587 1854 621 quas
1892 574 1951 609 ha-

1194 622 1312 658 bemus
1335 625 1352 658 a
1379 625 1521 660 Clariss.
1545 625 1691 660 Baluzio
1713 625 1822 659 editas
1844 626 1952 659 Tom,

1194 675 1238 708 II.
1267 674 1464 721 Capitular.
1493 677 1577 722 Reg.
1599 677 1830 709 Francorum.
1862 675 1951 708 Nul-

1192 724 1245 758 lus
1274 723 1490 759 dubitationi
1516 726 1613 759 locus
1634 723 1702 766 est,
1730 722 1815 770 quin
1837 724 1870 757 &
1892 736 1957 771 pro

1194 773 1329 808 Italicis
1357 773 1629 810 Tabellionibus
1667 773 1744 808 suae
1772 773 1886 808 forent
1914 787 1953 808 ac

1193 823 1382 872 peculiares
1420 826 1662 860 Formularum
1702 822 1955 868 colleffliones,

1191 888 1403 922 quamquam
1421 889 1475 910 eas
1497 885 1632 922 tempus
1654 874 1844 910 absumfiffe
1864 875 1951 922 jam-

1191 925 1251 960 diu
1281 925 1460 962 videatur.
1488 927 1650 974 Antiqua
1680 928 1761 960 vei-‹T›
1782 925 1845 959 illa
1867 927 1951 960 For-

1192 976 1339 1012 mularia
1375 976 1413 1011 in
1451 976 1709 1012 desuetudinem
1754 975 1878 1018 abire,
1915 976 1950 1009 ὃς

1192 1025 1309 1061 sensim
1332 1028 1512 1063 contemni
1534 1040 1697 1073 coepere,
1726 1039 1768 1061 ex
1790 1038 1859 1072 quo
1882 1027 1951 1060 Ro-

1192 1090 1371 1113 manarum
1402 1080 1538 1126 Legum
1568 1078 1643 1113 usus
1670 1078 1702 1112 8(
1723 1076 1871 1112 studium
1895 1078 1951 1111 Se-

1192 1129 1271 1163 culo
1299 1128 1431 1164 Christi
1460 1131 1538 1163 XII.
1568 1141 1693 1175 magna
1722 1127 1952 1161 contentione

1191 1178 1300 1214 animi
1329 1179 1366 1214 in
1403 1178 1539 1214 Scholis
1575 1179 1608 1211 &
1637 1177 1673 1212 in
1702 1175 1778 1210 foro
1815 1175 1951 1210 restitu-

1190 1238 1265 1264 tum
1294 1229 1356 1264 cst.
1394 1229 1535 1263 Sublata
1562 1230 1646 1262 vero
1685 1226 1819 1274 prorsus
1856 1225 1949 1261 fuere

1189 1281 1333 1314 Saeculo
1362 1280 1460 1313 XIII.
1487 1291 1594 1326 quum
1633 1290 1757 1324 nempe
1788 1276 1950 1310 Rolandi.

1191 1342 1249 1363 nus
1284 1333 1445 1363 Summam
1481 1329 1580 1364 Artis
1615 1328 1769 1362 Notas-iae
1808 1327 1951 1374 evulga-

1190 1380 1265 1424 vit,
1294 1380 1390 1427 cujus
1419 1379 1529 1415 adhuc
1558 1379 1725 1414 formulae
1754 1379 1786 1412 &
1815 1390 1951 1424 praece-

1188 1439 1247 1477 pta
1284 1430 1435 1477 pluri—ma
1477 1430 1683 1478 usurpantur
1720 1428 1757 1464 in
1795 1427 1948 1475 publicis

1189 1480 1318 1514 ‘tabulis
1356 1480 1631 1515 conscribendis.
1670 1482 1766 1526 Opus
1804 1477 1869 1512 hoc
1907 1478 1952 1511 il-

1189 1529 1221 1561 le
1260 1528 1375 1562 literis
1412 1530 1595 1563 mandavit
1631 1529 1772 1563 circiter
1801 1529 1949 1562 Annum

1190 1577 1382 1612 MCCLV.
1411 1577 1444 1611 δε
1472 1590 1543 1612 non
1571 1577 1675 1612 semel
1713 1577 1806 1623 typis
1842 1577 1951 1611 tradi-

1191 1636 1266 1663 tum
1293 1626 1363 1662 fuit
1391 1640 1458 1662 una
1496 1641 1573 1664 cum
1615 1626 1710 1662 Petri
1747 1626 1788 1662 de
1826 1627 1951 1661 Boate'-

1189 1678 1274 1722 riis,
1302 1679 1335 1712 &
1364 1677 1532 1721 Johannis
1562 1676 1761 1720 Nevizani,
1784 1675 1954 1712 aliorum-

1191 1742 1232 1764 ve
1270 1729 1572 1765 Commentariis.
1611 1727 1840 1764 Doffiffimus
1878 1729 1952 1762 Du-

1189 1780 1372 1829 Cangius,
1410 1789 1447 1815 ut
1486 1779 1573 1823 alibi
1610 1779 1717 1815 etiam
1756 1777 1950 1820 adnotavi,

1189 1830 1343 1874 censuit,
1372 1831 1592 1865 Rolandinum
1618 1829 1718 1864 istum
1747 1841 1817 1862 non
1838 1826 1948 1862 alium

1190 1881 1286 1916 suiffe
1314 1881 1332 1915 a
1360 1880 1543 1915 Rolandino
1563 1879 1747 1921 Pata-vino,
1768 1877 1864 1925 cujus
1886 1890 1949 1912 no-

1190 1932 1296 1967 bilem
1339 1930 1533 1966 Historiam
1572 1928 1650 1964 dedi
1688 1930 1807 1963 Tomo
1848 1929 1950 1963 VIII.

1191 1985 1319 2017 Rerum
1358 1980 1580 2017 Italicarum.
1618 1981 1657 2014 In
1695 1991 1769 2013 eam
1809 1991 1948 2025 quoque

1190 2032 1400 2069 sententiam>
1427 2030 1589 2066 conceffit
1617 2038 1696 2064 ante
1726 2041 1854 2076 paucos
1888 2042 1947 2063 an-

1192 2098 1253 2119 nos
1290 2083 1450 2118 Oudinus
1477 2082 1518 2116 de
1546 2080 1750 2128 Scriptorib.
1780 2078 1948 2114 Ecclesia-

1190 2134 1306 2170 sticis.
1334 2135 1386 2168 At
1413 2131 1515 2168 aliter
1542 2130 1608 2166 sese
1636 2144 1687 2166 res
1715 2130 1838 2165 habet.
1878 2132 1949 2165 Ro.

1191 2185 1335 2220 landino
1358 2182 1526 2219 Notariae
1543 2181 1644 2217 Artis
1665 2179 1868 2216 illustratori
1890 2194 1950 2229 pa-

1193 2235 1259 2271 tria
1287 2234 1355 2270 fuit
1391 2232 1577 2277 Bononia,
1615 2245 1682 2279 qua
1718 2232 1756 2267 in
1795 2231 1889 2266 Urbe
1916 2230 1947 2266 is

1193 2285 1272 2321 satis
1300 2283 1416 2332 prodit
1452 2283 1488 2318 in
1528 2283 1703 2318 formulis
1741 2281 1947 2317 Instrumen-

1190 2346 1304 2371 torum
1322 2362 1332 2377 ,
1360 2334 1392 2369 se
1420 2333 1578 2381 scripsisse
1607 2334 1702 2369 suum
1729 2335 1847 2380 Opus.
1875 2334 1949 2368 Ne..

1189 2399 1254 2433 que
1282 2384 1528 2428 Scardeonius,
1550 2384 1658 2420 aliive
1685 2382 1848 2419 Patavini
1878 2385 1948 2418 Ro-

1188 2436 1369 2471 landinum
1392 2435 1486 2471 suum
1515 2448 1665 2483 unquam
1695 2447 1872 2482 agnovere·
1889 2447 1948 2468 au-

1188 2487 1318 2522 &orem
1347 2486 1543 2533 hujusmodi
1566 2485 1688 2522 Libri.
1714 2484 1874 2531 Denique
1894 2483 1947 2519 di-

1188 2537 1421 2586 sputationem
1449 2550 1589 2573 omnem
1619 2537 1742 2572 tollere
1771 2533 1879 2619 podir-I}
1911 2547 1945 2568 e-

1829 2593 1896 2619 itio
