2185 3027
268 192 349 230 161
579 176 1086 226 DISSERTATIO
1148 178 1466 226 DECIMA.·
1699 192 1776 228 162

199 245 323 295 prefate
358 241 494 285 Ecclefie
534 240 648 277 sanfli
687 239 831 275 Martini
865 239 967 284 facere
996 238 1032 272 A

204 296 305 331 nolere
346 294 409 342 ipse
449 293 642 340 Alprandus
681 290 820 326 Clericus
839 317 850 335 ‚
884 290 967 330 ficut

205 345 268 393 ipsi
292 355 437 392 parentes
464 343 531 389 ejus
552 343 693 388 fecerunt
720 367 836 378 ......
864 344 912 375 Et
940 341 965 374 i-

205 406 243 431 ta
278 395 526 441 judicavimus,
569 403 605 428 ut
639 394 680 428 ab
720 392 788 439 ipsa
825 391 967 438 predibla

206 445 347 486 Ecclesia
372 445 470 480 Santi
495 444 642 491 Angelt]
670 447 713 477 (9⁶
740 456 856 476 omnem
883 455 966 486 rem,

207 508 265 543 que
294 495 357 540 fiet
393 495 490 543 ipsius
519 494 646 530 Homuli
680 494 796 528 Clerici
821 493 911 528 Avii
937 506 966 526 e-

203 546 281 593 jus,
312 555 471 580 contentus
498 546 541 580 &
567 559 598 580 re
626 571 719 581 .....
748 545 889 578 deberet.
920 545 968 577 Et

200 595 305 642 finita
332 596 373 638 est
400 596 482 630 inter
507 609 554 630 eos
581 596 738 630 intentio.
777 595 865 629 Unde
890 593 969 627 banc

208 646 325 681 notitia
341 647 494 691 Judicati
520 647 602 691 tibi,
639 646 694 693 qui
724 645 849 692 supra,
886 647 968 678 Teu·
994 652 998 673 i

202 696 344 743 sprando
379 697 497 730 Clerico
523 697 567 731 ad
599 707 721 743 partem
754 695 876 742 prefate
908 697 970 728 Ec·

209 746 296 788 cleste
329 773 423 782 .....
452 746 555 780 emitti
576 747 798 794 previdimus,
826 756 862 780 ut
881 745 971 779 nulla

208 808 315 832 contra
334 807 364 831 te
391 810 485 843 neque
505 795 680 842 succeffores
706 808 774 831 tuos
800 796 911 830 iterum
934 796 972 829 de

208 848 266 882 hac
282 847 373 891 causa
392 848 511 882 oriatur
530 848 683 890 intentio,
703 848 756 890 sed
767 846 887 893 semper
899 872 907 881 .
919 871 927 881 .
939 871 947 880 .
961 871 969 880 .

209 897 435 932 deliveratione
460 897 602 942 firmiter
633 897 798 944 persistat.
835 899 883 931 Et
916 906 971 943 pro

211 947 442 991 confirmatione
468 948 722 995 Richiprandum
740 946 970 982 „subdiaconum

209 1001 379 1032 Notarium
401 998 540 1043 scrivere
567 998 776 1033 comunimus.

258 1047 383 1081 Adam
410 1051 519 1081 Luca.
765 1056 770 1061 '

258 1098 330 1142 Ego
355 1095 511 1138 Strifusus
546 1097 708 1131 Diaconus
743 1097 818 1132 Loci
852 1101 968 1133 Serva-

209 1156 258 1180 ιον
284 1147 317 1179 in
353 1145 410 1180 hac
436 1145 597 1190 Judicatu
623 1148 645 1182 ὸ
671 1160 718 1181 me
747 1147 840 1192 faHu
873 1161 970 1184 manu

207 1210 276 1232 mea
296 1195 463 1244 subscripsi
476 1222 486 1232 .

1123 240 1196 284 Ego
1221 237 1374 283 Filippus
1399 241 1554 276 Presbiter
1580 243 1735 288 interfui.

1123 291 1196 335 Ego
1222 289 1379 323 Athenas
1405 291 1564 324 Presbiter
1591 294 1639 328 ibi
1660 293 1713 337 sui
1741 294 1811 329 (9¹0.

1124 339 1306 374 Habemus
1324 338 1359 373 δε
1380 338 1458 373 heic
1485 341 1645 377 eumdem
1661 371 1671 386 ,
1699 342 1760 391 qui
1782 342 1837 379 su.

1075 402 1134 438 pra
1151 417 1161 435 ‚
1198 389 1273 424 Loci
1298 393 1497 424 ,servatorem
1533 391 1808 429 Ecclefiasticum
1825 420 1837 437 ,

1076 440 1138 488 qui
1166 439 1268 475 litem
1295 439 1337 476 ad
1373 438 1566 475 Ecclefiam
1594 440 1736 486 quidem
1765 443 1838 491 spe.

1077 491 1231 527 &antem
1259 490 1440 540 cognoscit
1457 517 1468 535 ,
1507 489 1562 526 sed
1590 489 1691 525 fimul
1719 494 1841 528 Saecu-

1077 541 1144 577 lari
1172 541 1404 586 aufflzoritate,
1441 550 1480 576 ut
1507 540 1614 576 verba
1641 540 1708 575 illa
1732 541 1841 588 lingu-

1078 593 1176 626 lorum
1214 593 1373 627 hominum
1412 592 1520 637 causas
1559 590 1752 626 audiendum
1787 592 1842 625 vel

1037 669 1040 670 γ
1078 643 1303 679 deliverandas
1342 642 1499 678 indicare
1535 641 1727 677 videntur.
1770 643 1844 676 Ne-

1080 706 1146 741 que
1174 693 1204 729 is
1239 693 1431 742 quidquam
1460 692 1592 736 adfert,
1629 700 1669 727 ut
1706 691 1844 727 intelli-

1081 745 1233 792 gamus‘,
1272 757 1357 779 num
1397 757 1440 780 ex
1481 742 1681 787 ordinaria,
1719 755 1762 776 an
1798 755 1844 777 ex

1082 796 1240 843 delegata
1277 794 1465 842 potestate,
1502 794 1544 829 ab
1581 806 1623 829 eo
1659 793 1744 828 haec
1781 791 1844 827 fie-

1081 853 1180 880 rent.
1217 844 1324 880 Hisce
1352 844 1502 892 denique
1529 843 1670 879 accedat
1704 841 1845 886 Judicad

1083 904 1183 939 tum,
1211 908 1253 930 ex
1281 894 1356 943 ipso
1383 894 1530 931 Lucenfi
1557 893 1753 929 Tabulario
1782 905 1843 941 per

1084 958 1139 981 me
1167 954 1398 993 excerptum,
1435 959 1504 993 quo
1541 945 1764 993 praelucente
1791 956 1845 977 re-

1084 995 1174 1031 &ius
1220 995 1358 1032 fortasse
1399 995 1441 1032 ad
1482 995 1565 1031 haec
1610 992 1843 1043 intelligenda

1085 1046 1336 1096 perducemur.

240 1313 415 1359 ententia
446 1313 487 1357 in
523 1314 670 1358 Placito
711 1317 873 1359 Lucenfi
915 1314 1165 1372 pronuntiata
1193 1315 1217 1357 h
1247 1314 1396 1357 duobus
1436 1311 1535 1356 Loci
1575 1311 1844 1355 Servatoribus

327 1375 369 1417 in
401 1376 662 1417 controversia
692 1375 796 1418 inter
827 1375 1040 1417 Ecclefiam
1073 1373 1351 1416 Cathedralem
1384 1373 1517 1415 Sanffi
1557 1371 1728 1414 Martini

625 1436 663 1475 δε
695 1435 911 1491 quemdam
943 1437 1144 1488 Suavem‚
1174 1436 1296 1474 Anno
1330 1435 1427 1487 815.

261 1552 297 1584 N
321 1549 441 1583 nomine
476 1550 586 1584 Patris
613 1550 656 1582 (θ’
684 1549 770 1584 Filii
796 1550 839 1583 (9'
864 1550 968 1597 Spiri-

286 1610 336 1632 tus
371 1599 503 1633 Sancii.
542 1603 710 1645 Regnante
738 1601 880 1636 Domno
908 1614 970 1636 no·
1013 1626 1046 1658 D

211 1649 278 1684 stro
299 1648 533 1684 Hludowicus
548 1649 755 1693 sereniffimus
774 1650 969 1698 Augustus,

212 1702 234 1734 ἂ
262 1702 328 1733 Deo
354 1709 514 1733 coronatus
531 1727 541 1742 ‚
570 1713 727 1745 magnus,
756 1700 799 1733 &⁶
821 1699 972 1746 pacificus

214 1751 410 1797 Imperator
426 1776 435 1792 ,
463 1753 564 1784 Anno
590 1752 727 1784 Secundo
743 1776 753 1792 ‚
790 1750 834 1783 ἴθ’
861 1751 971 1784 Dom-

211 1812 257 1834 no
287 1798 398 1833 nostro
428 1798 620 1833 Bernardus
649 1801 742 1845 Rege
769 1801 970 1847 Langobar-

211 1849 362 1891 dorum,
398 1853 500 1884 Anno
535 1849 645 1895 Regni
680 1849 774 1893 ejus,
812 1850 971 1898 postquam

211 1900 245 1934 in
275 1900 336 1934 Dei
373 1900 495 1933 nomine
531 1899 564 1933 in
602 1900 702 1934 Italia
737 1901 877 1943 reversus
903 1901 969 1945 est,

211 1954 358 1995 Quarto,
388 1950 498 1994 Mense
525 1951 701 1984 November
720 1951 892 1985 Indifflione
912 1954 971 1986 IX.

212 2004 299 2036 Dum
330 2001 362 2034 in
399 2000 519 2042 Christi
555 2001 676 2034 nomine
714 2001 882 2045 resedentes
918 2015 971 2036 nos

212 2051 323 2086 Taito
351 2052 394 2084 <J
421 2051 545 2098 Aipo,
582 2051 673 2087 Loci
712 2054 909 2087 Servatores
938 2053 971 2086 in

211 2100 332 2147 judicio
373 2102 416 2136 ad
447 2101 596 2148 singulas
635 2103 742 2146 causas
781 2103 971 2137 audiendum

215 2152 258 2185 (9¹
284 2152 524 2186 deliverandum
541 2179 550 2196 ‚
578 2153 633 2187 ubi
660 2153 813 2198 nobiscum
840 2154 973 2188 aderam

214 2204 439 2237 Aremannos
466 2202 562 2247 hujus
588 2207 714 2238 Lucane
741 2203 918 2246 Civitatis,
947 2205 972 2237 i-

217 2252 281 2294 dest
319 2253 493 2287 Ilmerando
518 2255 556 2287 de
584 2257 717 2298 Wamo‚
754 2257 866 2288 Petrus
892 2259 972 2288 Teu-

217 2304 281 2337 dici
306 2303 464 2347 Clericus,
492 2304 724 2348 Gherimundo,
744 2306 901 2347 Andrm,
923 2305 974 2349 seo

218 2355 419 2400 Frotpaldo‚
462 2354 504 2387 (9⁶
539 2355 622 2399 Baso
664 2355 800 2389 homines
840 2356 972 2389 Franci.

211 2405 276 2450 scos
293 2432 302 2448 ‚
340 2405 382 2438 (9⁴
409 2404 469 2438 alii
491 2405 622 2451 plu'res.
650 2406 757 2453 Ibique
782 2410 874 2440 venit
901 2416 975 2440 ante

217 2470 272 2489 nos
303 2455 493 2489 BenediHus
518 2457 686 2490 Advocato
723 2456 857 2497 Ecclefie
891 2459 972 2490 San-

215 2507 260 2542 Hi
286 2506 459 2547 Martini,
497 2506 552 2541 ubi
577 2506 619 2549 est
654 2509 774 2542 Domus
809 2507 973 2554 Episcopo·

319 2561 408 2593 Tom.
436 2558 483 2592 H.

1087 1563 1154 1585 rum
1169 1576 1179 1593 ‚
1208 1549 1251 1583 &¹
1277 1563 1314 1583 ex
1338 1548 1406 1584 alia
1428 1558 1520 1596 parte
1544 1552 1677 1592 Sua-ue,
1713 1547 1845 1584 altercac

1087 1602 1200 1634 tionem
1236 1600 1318 1634 inter
1351 1599 1386 1644 Je
1420 1601 1570 1634 abentes.
1611 1599 1745 1634 Dicebat
1782 1599 1845 1643 ipse

1088 1650 1301 1685 BenediHus:
1326 1649 1464 1685 Audire
1483 1663 1539 1685 me
1558 1648 1733 1698 digneris,
1762 1649 1845 1697 quia

1088 1700 1148 1736 iste
1175 1703 1286 1735 Suave
1313 1709 1434 1735 contra
1461 1701 1634 1735 rationem
1656 1700 1735 1734 abet
1762 1712 1847 1746 qua-

1090 1758 1171 1784 tuor
1207 1749 1299 1796 petie
1333 1750 1374 1784 de
1411 1751 1514 1785 vinea
1550 1749 1654 1798 ipfius
1694 1748 1845 1784 Ecclefie

1090 1799 1207 1834 Sanffii
1252 1799 1405 1834 Martini
1445 1799 1483 1834 in
1524 1800 1605 1834 loco
1650 1798 1846 1834 Balfiniana

1091 1863 1196 1898 prope
1223 1848 1409 1885 Ecclefiam
1440 1849 1557 1884 saneti
1585 1849 1752 1897 Georgii.
1780 1853 1847 1883 Re-

1083 1902 1257 1947 spondebat
1284 1900 1347 1947 ipse
1381 1903 1519 1934 Suave:
1555 1899 1714 1943 Nescio,
1746 1898 1846 1934 vinie

1090 1951 1180 1995 ille,
1218 1950 1307 1985 unde
1343 1959 1382 1986 tu
1419 1949 1531 1986 dicis.
1571 1953 1620 1984 Et
1653 1951 1728 1984 dum
1765 1950 1847 1984 inter

1089 2014 1136 2035 eos
1163 2001 1241 2036 talis
1276 2011 1450 2034 verteretur
1484 2000 1646 2045 causatio,
1679 1999 1848 2045 judicavi.

1013 2061 1042 2094 Ε
1088 2065 1180 2094 mus,
1218 2052 1261 2085 (Ὺ
1286 2051 1402 2086 wadia
1427 2052 1503 2085 dare
1533 2050 1665 2095 fecimus
1693 2050 1756 2096 ipso
1783 2053 1847 2084 Be-

1089 2101 1231 2135 nediflus
1257 2102 1355 2135 eidem
1381 2101 1488 2136 Sua-m·
1503 2128 1514 2145 ‚
1541 2110 1577 2134 ut
1605 2100 1791 2142 munstraret
1818 2100 1847 2135 ei

1088 2152 1142 2185 ille
1168 2161 1300 2198 quatuor
1333 2151 1416 2198 petie
1441 2153 1480 2185 de
1514 2151 1637 2195 vinea,
1668 2152 1751 2184 unde
1777 2164 1846 2184 eum

1087 2204 1255 2249 querebat.
1283 2204 1331 2236 Et
1358 2201 1421 2248 ipfi)
1447 2204 1555 2236 Suave
1578 2201 1707 2244 fecimus
1733 2201 1762 2234 ei
1787 2202 1848 2235 da-

1087 2266 1118 2286 re
1157 2252 1299 2295 wadia,
1340 2262 1377 2285 ut
1412 2250 1482 2297 effer
1519 2262 1632 2298 parato
1671 2250 1847 2286 videndum

1087 2303 1154 2350 ipsa
1180 2302 1276 2336 vinea
1293 2329 1303 2346 ‚
1340 2302 1383 2335 (9¹
1408 2301 1517 2335 venire
1545 2302 1578 2335 in
1605 2302 1712 2335 Plaito
1736 2312 1848 2347 ponere

1085 2354 1114 2387 ei
1140 2353 1250 2387 exinde
1276 2352 1448 2387 rationem.
1475 2351 1584 2394 Postea
1609 2353 1684 2386 dum
1711 2351 1744 2385 in
1770 2365 1847 2386 con-

1080 2404 1193 2446 stituto
1233 2404 1341 2438 ambas
1377 2413 1484 2449 partes
1527 2412 1600 2437 ante
1637 2414 1691 2437 nos
1731 2403 1850 2442 reversi

1081 2453 1270 2499 fuifferunt,
1296 2454 1329 2487 in
1353 2452 1470 2501 judicio
1488 2451 1625 2497 adeffent
1645 2453 1761 2488 ibidem
1790 2454 1848 2497 su.

1082 2504 1490 2591 Prafirfpti'dstrt'manm'h
1517 2514 1591 2538 tunc
1617 2504 1680 2550 ipse
1706 2504 1848 2590 Βᾶῖῑάί.
