2185 3027
275 235 355 275 197

211 282 318 312 vnentes
344 276 525 319 clementer,
553 274 596 307 (9⁶
620 285 675 320 per
701 274 753 308 hoc
779 272 897 316 nostrae
919 273 971 317 su-

211 326 384 362 blimitatis
407 335 600 373 praeceptum
624 324 807 358 omnimodis
827 324 971 369 santien-

211 387 285 421 tes,
321 388 357 412 ut
384 376 554 420 universa,
592 388 670 422 quae
698 375 753 409 ille
787 373 973 421 magnificus

212 429 369 476 quondam
391 427 602 461 Hludowicus
618 426 890 472 saepenominatus
909 427 971 460 Im-

208 489 336 527 perator
374 478 580 521 Consobrinus
621 480 743 520 noster,
783 477 894 511 Senior
929 477 972 510 ἔθ’

214 530 274 564 Vir
299 528 388 574 ejus,
428 527 487 574 ipsi
513 528 727 574 qualicumque
754 529 840 561 modo
865 537 968 562 contu-

210 577 281 625 liffe
320 589 413 626 atque
453 576 612 623 conceffiffe
646 580 827 624 probatur,
869 579 969 611 eodem

209 630 320 664 ordine
345 639 439 675 atque
464 639 587 673 tenore,
626 628 884 675 irrefragabiliter
911 627 967 662 ha-

210 680 292 715 beat
303 707 313 723 ,
329 680 479 714 retineat
491 707 500 723 ,
513 690 617 727 atque
628 679 830 715 dominetur
842 706 851 722 ‚
867 692 970 726 quae·
994 695 998 705 =

208 730 291 765 darn
327 730 502 773 videlicet,
544 730 660 776 quoad
699 730 857 772 vixerit,
894 729 970 764 usu-

211 779 387 822 fruendo‚
428 780 462 814 δε
506 780 710 828 potestative
751 779 969 828 ordinand03

213 831 385 878 quaedam
415 832 497 865 verb
526 830 775 879 perpetualiter
804 829 968 878 poffiden-

210 882 279 925 do,
316 882 349 915 &
388 880 444 915 cui
473 882 628 916 voluerit
665 880 881 916 dimittendo
915 882 970 914 ab·

203 932 283 978 sque
319 930 417 965 ullius
443 931 684 965 contradiHione
709 931 764 964 vel
799 930 967 964 diminora-

211 982 319 1025 tione,
343 981 399 1025 seu
427 981 545 1024 injusta
570 981 797 1023 molestatione.
826 984 899 1014 Non
921 981 966 1024 so-

212 1033 281 1066 liam
308 1042 411 1066 autem
437 1034 475 1065 de
502 1031 572 1075 his,
600 1045 677 1078 quae
704 1033 725 1066 ἂ
745 1031 802 1076 suo
830 1032 903 1064 Viro
922 1045 970 1064 ca-

211 1083 326 1126 riffimo
353 1082 541 1125 consobrino
577 1082 674 1123 nostro
690 1110 700 1126 ‚
716 1104 720 1109 -
737 1092 830 1128 atque
857 1083 970 1115 Fratre

209 1131 349 1176 optinuit
372 1157 382 1172 ‚
423 1132 461 1162 de
501 1131 612 1176 quibus
653 1127 712 1165 illa
751 1132 849 1177 ju'xta
890 1134 970 1177 quod

209 1180 406 1223 constitutum
443 1179 505 1222 est,
542 1191 635 1225 atque
667 1192 723 1227 per
749 1183 853 1216 omnia
878 1186 963 1215 volu-

210 1244 304 1272 mus,
343 1241 436 1276 atque
471 1230 686 1274 comedimus,
726 1246 835 1266 verum
875 1232 969 1266 etiam

210 1282 256 1316 Θ
281 1283 320 1315 de
348 1281 442 1323 illis,
477 1293 554 1327 quae
591 1280 658 1327 ipsa
686 1281 753 1322 fibi
788 1296 972 1328 quocumque
1007 1316 1011 1319 ,

211 1331 340 1379 ingenio
372 1330 454 1376 juste
480 1345 515 1365 ac
541 1331 711 1378 legaliter,
749 1342 785 1365 ut
817 1333 963 1378 praetuli-

207 1396 276 1416 mus
292 1409 302 1426 ,
339 1382 547 1428 undecumque
563 1409 572 1425 ,
609 1383 663 1416 vel
688 1384 709 1416 ἃ
736 1382 972 1429 quibuscumque

207 1432 409 1479 adquisivit,
438 1432 570 1466 liberam
597 1433 625 1479 ei
653 1435 686 1466 in
714 1433 833 1468 cunHis
858 1433 969 1467 tribui-

207 1497 276 1517 mus
298 1483 484 1526 facultatem
500 1510 510 1526 ‚
539 1493 604 1518 tam
629 1495 684 1530 pro
709 1484 767 1527 fita
794 1484 837 1517 &⁶
862 1484 966 1517 Senio-

207 1534 254 1567 ris
281 1534 329 1576 sui
356 1533 465 1568 anima
497 1543 554 1578 per
579 1535 645 1567 loca
683 1534 881 1569 venerabilia
916 1535 968 1566 do-

209 1583 332 1627 nandi,
360 1585 454 1629 quarn
480 1583 524 1615 (9⁴
549 1583 786 1627 quibuscumque
812 1592 870 1615 aut
892 1594 970 1627 qua·
994 1593 1000 1612 .·

908 1699 957 1747 R

550 214 1033 257 DISSERTATIO
1096 215 1497 265 UNDECIMA.

1695 239 1711 264 1
1750 227 1774 266 8

1077 273 1275 320 litercurnque·
1301 275 1525 324 distribuendi,
1553 239 1834 328 quemadrnfduin‚

1078 333 1114 357 ut
1156 324 1297 370 praefati
1330 324 1439 368 sumus
1457 354 1466 370 ,
1505 331 1632 372 sanffag
1672 332 1835 366 memoria

1078 375 1208 408 Genitor
1235 374 1332 416 noster
1364 385 1419 421 per
1446 377 1499 420 sui
1532 383 1683 429 praecepti
1713 381 1834 425 formu-

1077 426 1143 460 lam
1170 423 1359 471 confirmaffit
1395 426 1449 459 illi
1475 427 1515 460 (9¹
1546 430 1707 477 decrevist&
1742 433 1836 467 dino-

1072 476 1174 521 scitur
1189 503 1197 511 .
1234 477 1429 523 „Quicumque
1455 490 1529 511 vero
1562 478 1634 512 haec
1659 483 1766 517 Patris
1792 484 1836 517 <9¹

1079 527 1265 571 Consobrini
1290 541 1326 562 ac
1352 527 1484 563 Fratris
1522 528 1617 572 nostri
1632 556 1643 572 ,
1680 533 1837 579 nostraque

1049 617 1052 623 ¹
1071 579 1196 620 statuta
1239 578 1413 613 violaverit
1435 606 1446 623 ,
1491 589 1548 614 aut
1593 579 1837 626 immutaverit,

1081 629 1148 672 (9⁶,
1190 630 1270 675 quod
1309 643 1368 663 non
1407 640 1580 676 putamus,
1621 629 1840 676 supradiflam

1081 676 1261 726 Augustam
1287 681 1454 715 amabilem
1480 685 1621 726 Sororem
1648 680 1782 721 nostram
1800 681 1840 714 de

1014 726 1042 759 B
1082 730 1158 772 his,
1195 741 1272 776 quae
1297 729 1357 768 sibi
1391 741 1457 763 tam
1492 729 1533 763 ab
1569 728 1665 775 ipsis,
1701 730 1796 775 quam
1821 731 1841 764 ἃ

1084 779 1169 814 nobis
1206 777 1334 825 conceffa
1361 780 1403 813 &⁶
1438 778 1621 823 confirmata
1651 779 1754 823 sunt,
1788 779 1843 824 ju.

1083 841 1137 864 xta
1163 841 1272 864 votum
1297 829 1456 876 proprium
1482 843 1572 876 agere
1598 843 1658 864 non
1693 830 1840 876 permise-

1081 880 1148 922 rit,
1185 889 1241 914 aut
1267 879 1335 922 ejus
1364 879 1487 923 fabium
1522 880 1556 914 in
1582 881 1689 927 aliquo
1717 880 1842 915 irritum

1077 930 1214 974 fecerit,
1245 930 1327 973 sciat
1348 929 1383 973 se
1411 933 1443 963 in
1467 930 1575 973 futuro
1601 931 1721 965 aeterni
1737 931 1843 976 sudi-

1082 980 1124 1014 cii
1146 980 1303 1024 sententia
1328 980 1545 1026 puniendum,
1574 981 1616 1014 (θ’
1639 981 1673 1015 in
1697 982 1843 1028 praesen-

1082 1030 1111 1064 ti
1134 1041 1190 1076 per
1215 1031 1294 1065 hanc
1321 1034 1453 1071 nostram
1479 1030 1695 1065 aufioritatem
1721 1042 1842 1066 centum

1003 275 1050 345 ΑΙ

1083 1081 1199 1115 Libras
1225 1081 1297 1116 auri
1320 1081 1446 1127 probati
1469 1092 1568 1128 poena
1594 1081 1810 1116 multtandum
1826 1094 1843 1116 .-

1082 1143 1213 1177 quarum
1240 1131 1390 1165 medietas
1426 1131 1516 1174 Fisco
1543 1131 1641 1172 nostro
1675 1131 1841 1177 exigetur,

1084 1183 1126 1215 Θ·
1152 1182 1302 1215 medietas
1328 1181 1377 1223 ei,
1405 1181 1454 1213 cui
1474 1179 1592 1224 injusta
1612 1180 1750 1221 molestia
1771 1181 1842 1223 sue-

1080 1232 1123 1265 rit
1147 1231 1234 1274 suffla
1251 1258 1260 1273 ,
1295 1231 1506 1276 persolvetur.
1544 1232 1591 1264 Et
1617 1240 1652 1263 ut
1689 1230 1761 1265 haee
1788 1244 1842 1264 no.

1073 1282 1158 1323 strae
1184 1281 1349 1327 largitatis
1367 1280 1504 1326 conceffio
1526 1280 1697 1327 pleniorem
1717 1281 1751 1314 in
1777 1281 1841 1315 Dei

1080 1332 1202 1366 nomine
1229 1331 1369 1377 optineat
1386 1331 1578 1376 firmitatem
1594 1358 1604 1375 ‚
1641 1332 1692 1365 boc
1719 1330 1837 1372 nostrae

1079 1382 1279 1417 auHoritatis
1292 1393 1488 1429 praeceptum
1504 1382 1577 1416 inde
1587 1382 1733 1426 conscribi
1748 1395 1837 1415 man-

1079 1434 1230 1467 davimus
1247 1459 1258 1476 ,
1290 1433 1477 1480 propriaque
1511 1445 1607 1467 manu
1633 1431 1837 1476 confirmavi-

1081 1497 1170 1526 mus,
1209 1483 1252 1516 &
1278 1484 1371 1517 anuli
1406 1483 1501 1525 nostri
1537 1482 1726 1530 impreffione
1755 1481 1841 1526 adst}

1076 1533 1175 1580 gnari
1197 1534 1408 1580 praecepimus
1423 1559 1432 1569 .

1010 1166 1040 1199 C

612 1781 748 1829 Signum
823 1745 1036 1856 W
1120 1786 1236 1820 Karoli
1254 1785 1440 1831 seremffimi
1465 1787 1588 1834 Regis.

906 1858 975 1917 L

534 2138 709 2181 Hermislus
734 2139 949 2175 subdiaconus
975 2141 1020 2175 ad
1045 2140 1145 2175 vicem

597 2189 809 2225 Liuthwardi
829 2191 990 2239 recognovi
1010 2192 1052 2226 &⁶
1065 2192 1145 2239 subq

588 2240 698 2288 scripfi
708 2267 717 2277 ·

1698 2594 1750 2626 Da
1755 2600 1791 2624 ta
