2185 3027
245 173 335 222 ,ης
553 161 1060 205 DISSERTATJO
1121 161 1448 207 DECIMA.
1678 173 1759 209 166-

241 225 378 270 Signum
397 234 509 258 manus
535 221 710 257 Ilmerandi
736 220 850 256 ibidem
864 221 952 265 fuit.
992 221 1027 254 A
1063 218 1292 255 ministrasse.
1345 221 1517 259 Postremo
1556 224 1697 260 tandem
1739 225 1820 258 loco

241 276 316 320 Ego
342 274 545 309 Adelmanus
572 272 692 306 ividem
713 272 786 316 sui.

243 326 352 372 Supra
389 323 570 367 vidimus,
610 322 696 370 quid
732 323 774 358 de
810 323 951 372 Epocha

192 373 364 413 Bernardi
394 374 499 423 Regis
526 372 744 409 sentiendum
772 373 831 409 fit.
860 373 952 409 Heic

191 434 312 462 autern
340 424 517 473 perspicue
544 423 740 473 cernimu53
770 425 855 460 duos
879 425 954 460 Loci

192 480 377 512 servatores
412 476 578 510 Taitonem
611 475 656 509 (θ’
681 476 863 522 Almonem,
899 475 953 510 vi-

191 539 251 563 ros
288 524 411 573 utique
438 526 638 570 Seculares,
674 525 774 562 &in
816 525 954 561 Placito

191 576 370 612 saeculari
398 575 610 612 confidentes
627 603 638 620 ‚
665 577 718 625 jus
746 576 861 612 dicere
890 578 955 612 Po-

190 627 280 674 pulo
322 626 504 662 universo.
542 628 673 663 Nullus
709 630 793 663 vero
830 641 873 663 ex
910 627 955 662 iis

191 675 227 713 fe
265 675 297 712 se
333 678 466 711 Comitis
499 675 633 723 Miffum
669 677 878 726 profitetur;
917 686 955 713 ut

192 725 341 776 proinde
377 726 554 762 sublucere
581 726 764 772 videatur,
802 728 957 776 judican-

193 776 232 812 di
269 776 516 813 aueS‘coritatem
553 777 599 813 iis
636 778 655 813 ὲ
684 778 821 814 Palatio
858 778 956 814 fuiffe

192 826 392 871 traditam,
433 836 538 876 atque
578 827 792 864 ordinariam
829 828 953 874 fuiffe,

193 876 233 914 in
261 876 447 913 subfidium
475 891 600 927 nempe
626 878 784 915 Comitis
804 880 839 914 &
859 893 953 915 com·

194 927 342 963 modum
379 928 579 965 Civitatis.
617 929 724 975 Quod
760 929 783 965 fi
820 931 953 966 Clerici

192 977 236 1014 ad
279 977 373 1013 idem
415 992 539 1016 munus
580 979 861 1026 adhibebantur,
900 981 952 1016 nil

193 1026 324 1062 mirum
352 1029 418 1072 est,
455 1043 563 1077 quum
590 1030 698 1066 toties
733 1032 859 1067 Miffos
887 1034 952 1067 Re-

192 1077 270 1125 gios
299 1079 317 1110 ὲ
337 1079 445 1112 Clero
472 1079 626 1114 delefflos
652 1081 846 1118 viderimus
874 1084 952 1117 Pla-

191 1125 267 1172 ‚cita
300 1123 492 1174 indixisse,
532 1129 567 1164 δε
603 1129 773 1184 justitiam
814 1134 952 1183 Populo

1063 270 1342 313 animadvertas,
1386 271 1551 317 primores
1594 275 1824 320 presbyteros?

1063 320 1234 356 Ecclesiae
1277 323 1476 363 Romanae,
1517 321 1650 358 scilicet
1691 324 1821 360 Archi-

1064 379 1330 419 presbyterum‚
1368 370 1568 406 Diaconum
1586 398 1596 414 ,
1631 376 1664 408 ὃς
1693 375 1821 410 Primi.

1065 423 1218 464 cerium,
1247 421 1331 457 Sede
1358 432 1527 464 vacante,
1555 420 1642 456 olim
1671 427 1823 471 appella-

1064 483 1119 509 tos
1147 473 1245 509 fuiffe
1272 476 1444 507 servantes
1472 473 1569 506 locum
1606 473 1740 507 Sanffae
1765 479 1821 509 Se.

1063 526 1115 558 dis
1140 523 1363 571 Apostolicae.
1392 522 1431 558 Id
1460 521 1591 558 constat
1619 535 1660 557 ex
1689 523 1823 558 Literis

1065 574 1163 610 Cleri
1211 574 1364 609 Romani
1406 575 1514 609 Anno
1560 572 1689 608 Christi
1741 575 1824 609 DC·

1067 627 1231 660 XXXIX.
1261 625 1318 660 vel
1354 626 1501 660 DCXL.
1535 623 1674 671 scriptis
1701 623 1741 658 ad
1779 626 1825 658 F.-

1067 676 1225 724 piscopos
1266 675 1404 710 Scotiae
1446 674 1535 723 apud
1573 674 1702 710 Bedam
1740 674 1823 710 Lib.

1068 740 1099 762 2.
1127 728 1214 774 Cap.
1245 738 1302 774 19.
1329 725 1459 761 Histor.
1487 724 1677 761 Ecclefiast.
1706 726 1824 770 Quare

1066 777 1268 826 intelligas,
1309 776 1485 824 quondam
1526 778 1601 811 Loci
1640 779 1827 811 ,ςἐν-υαιονεῑ

1065 828 1159 863 idem
1187 827 1450 875 quodammodo
1477 827 1602 870 fuiffe,
1631 835 1735 875 atque
1762 840 1825 862 no-

1066 879 1118 914 bis
1155 877 1220 913 fint
1247 878 1260 911 i
1285 878 1535 924 Luogotenenti.
1572 879 1618 913 Et
1655 877 1826 925 quoniam

1066 929 1103 964 in
1140 928 1424 974 praecedentibus
1453 927 1595 964 chartis
1631 927 1725 963 hisce
1752 931 1826 964 Lu·

1067 978 1219 1015 cenfibus
1255 982 1531 1022 Aremannorum,
1573 978 1634 1027 qui
1679 978 1827 1014 Placitis

1068 1031 1209 1066 aderant
1226 1057 1236 1074 ‚
1265 1029 1401 1065 mentio
1428 1030 1603 1074 habetur,
1630 1029 1671 1064 de
1699 1029 1743 1064 iis
1771 1029 1826 1064 vi-

1069 1082 1132 1124 de,
1160 1094 1247 1129 quae
1274 1080 1366 1115 infra
1394 1094 1577 1129 congeram
1598 1079 1637 1115 in
1658 1079 1826 1116 Disertat.

1070 1133 1170 1183 xm:
1195 1133 1234 1179 de
1259 1131 1450 1167 Hominibus
1476 1130 1622 1166 Liberis.
