2185 3027
390 158 468 199 ¹3¹

669 144 1073 204 ANTIQUJT.
1134 147 1369 191 MEDII
1422 148 1604 194 AEVI

1808 167 1890 210 15²

397 260 620 314 Judicatum
653 263 816 307 duorum
850 265 947 308 Loci
979 269 1230 309 Servatorum
1262 266 1302 309 in
1334 270 1592 311 controversia
1623 269 1670 310 de
1703 268 1872 312 Ecclesia

542 323 672 365 Sanffi
705 324 850 379 Angeli
882 327 987 367 inter
1017 328 1229 366 Patronum
1263 328 1298 366 δε
1332 328 1571 382 Κεδὶοῐεητ,
1599 341 1733 370 eoram

684 384 865 437 Johanne
897 383 1087 440 Episcopo
1118 385 1305 438 Lucenfi,
1332 389 1453 429 Anno
1484 391 1582 443 786.

316 498 403 589 IN
429 502 490 535 Dei
517 504 661 540 nomine.
690 510 858 552 Regnante
881 510 1003 541 Damno
1027 519 1077 540 no·
1105 505 1146 539 'A
1190 504 1288 542 ficuti
1316 506 1427 552 dicis,
1449 522 1508 556 per
1527 510 1709 546 Cartulam
1738 509 1950 546 confirmavi*

393 551 459 593 stro
494 556 626 590 carulo
666 558 758 604 Rege
796 559 1006 592 francorum
1043 558 1076 592 &

316 602 629 650 Langobardorum
644 634 653 649 ,
674 621 732 653 quo
754 609 1009 653 Langobardiam
1032 621 1074 641 ce·

311 653 387 698 pit,
414 655 514 688 Anno
543 658 649 699 Regni
675 657 743 702 ejus
770 659 1012 702 Tertiodecimo,
1035 659 1078 691 (5⁰

311 701 387 746 filio
423 704 490 747 ejus
529 708 671 743 Domno
698 707 811 742 nostro
849 709 977 757 Pipino
1012 711 1075 745 Re-

316 766 381 801 ge,
409 758 510 789 Anno
537 758 645 803 Regni
670 757 738 803 ejus
763 761 876 802 Sexto,
907 762 977 795 VII.
1006 764 1076 795 Ka·

316 805 428 838 tendas
464 808 676 851 Novembris,
712 808 886 844 Indiflione
914 813 954 845 X.
981 811 1075 845 Noti-

314 853 364 888 tia
381 855 536 898 judicati
559 858 695 903 qualiter
720 860 796 893 dum
823 860 855 894 in
874 861 956 905 sesu
980 861 1073 895 Chri-

308 903 356 945 sti
382 906 501 939 nomine
528 907 672 948 adflante
694 923 751 943 >nos
778 911 907 953 Jacobo
945 912 1072 947 Diaco-

312 966 386 998 no,
424 954 467 988 (9⁴
501 958 718 995 Austrifonso
756 961 845 996 Loci
883 963 1073 999 Serbatori·

312 1002 374 1040 bus
403 1005 435 1038 ln
465 1010 564 1042 Domo
590 1010 705 1044 Sam‘ie
732 1011 865 1052 Eccleste
888 1024 962 1047 ante
981 1028 1072 1048 vene-

311 1057 411 1090 rabile
440 1059 599 1094 Domnus
627 1061 783 1104 Johanne
811 1062 1010 1111 Episcopo,
1038 1079 1070 1099 a·

312 1106 348 1143 bi
374 1109 527 1153 nobtfcum
554 1112 686 1145 aderant
711 1114 889 1146 Sacerdotes
915 1115 960 1147 &⁵
985 1116 1072 1151 Are.

312 1170 460 1193 mannos
498 1158 599 1207 hujus
637 1163 778 1197 Lucane
814 1162 1010 1205 Civitatis,
1047 1166 1070 1199 ι’-

311 1208 377 1250 dest
404 1209 640 1257 Austripertus
668 1212 758 1248 Loci
791 1215 974 1258 Servator,
1003 1219 1072 1250 Ra-

312 1259 501 1304 cblprandus
521 1264 679 1296 Presbiter
691 1290 703 1305 ,
715 1264 856 1298 ,machis
867 1292 877 1307 ,
898 1266 1050 1312 Georgius
1062 1294 1071 1309 ‚

311 1310 521 1356 Gbispertus,
559 1313 787 1347 Richid'omnus
824 1315 953 1349 Haolmi
969 1342 978 1358 ,
1018 1317 1068 1350 si-

310 1360 462 1394 chualaus
487 1362 652 1406 Clericus,
687 1365 841 1398 Andreas
871 1365 972 1408 filius
998 1367 1073 1400 bone

309 1410 449 1445 memorie
476 1412 663 1458 Rigiperri,
690 1416 848 1460 «Alpertus
867 1416 1006 1450 Clericus
1024 1416 1066 1460 fi·

309 1461 374 1494 Iius
400 1462 476 1495 bone
501 1463 641 1496 memorie
678 1464 795 1500 Lucii.
834 1466 942 1512 Ibique
976 1480 1069 1501 vene·

308 1522 386 1545 rum*
410 1523 483 1546 ante
510 1526 563 1547 nos
590 1514 764 1558 Deusdedit
798 1518 957 1550 Presbtter
976 1516 1071 1559 filius

308 1563 386 1597 hone
425 1564 565 1597 memorie
605 1565 781 1607 Baronsii,
822 1567 866 1600 (9⁴
902 1568 1070 1611 Deusdona

309 1614 469 1648 Presbt'ter
495 1614 655 1649 Refforem
684 1616 816 1657 Eccleste
850 1618 964 1652 sanfli
993 1622 1065 1654 An·

303 1663 373 1709 geli
398 1666 436 1698 de
461 1666 622 1710 Saragio,
657 1667 888 1701 altercationem
925 1669 1006 1702 inter
1037 1669 1070 1713 se

306 1714 453 1748 habentes
468 1742 476 1750 .
515 1717 650 1751 Dicebat
685 1718 748 1764 ipse
784 1718 960 1762 Deusdedit
994 1722 1055 1752 Pre

306 1765 426 1799 sbiter:
448 1766 625 1811 Domine,
646 1768 769 1803 audeat
797 1781 852 1803 me
880 1769 990 1812 pietas
1011 1782 1065 1804 ve-

307 1814 370 1850 stra
386 1843 395 1859 ,
439 1817 522 1863 quia
565 1817 625 1853 iste
665 1818 850 1854 Deusdona
894 1819 1069 1855 Presbiter

306 1878 365 1901 me
393 1867 576 1904 Refflorem
606 1869 639 1904 ἃ
667 1869 905 1906 ordinatorem
930 1870 1068 1905 ordina·

307 1915 388 1959 vit,
415 1919 449 1953 ὃ(
479 1933 538 1965 per
564 1921 748 1955 Cartulam
785 1920 823 1955 in
860 1934 915 1956 me
943 1920 1067 1956 confir-

308 1966 423 2002 mavit
472 1969 623 2005 Ecclesia
675 1969 792 2005 Sanffli
843 1971 976 2018 Angeli
1027 1970 1067 2006 ad

308 2017 513 2065 Sgragium‚
542 2019 603 2055 ubi
631 2019 691 2054 iste
721 2019 904 2056 Deusdona
934 2020 1067 2056 Presbi-

310 2076 365 2102 ter
392 2068 499 2104 modo
526 2070 590 2104 effe
618 2069 784 2118 videtur3
815 2082 852 2106 ut
881 2072 1002 2107 omnia
1030 2071 1068 2106 in

309 2130 388 2152 mea
415 2118 497 2154 effet
525 2120 690 2167 potestate
718 2121 816 2169 juxta
852 2131 989 2157 textum
1028 2121 1069 2157 de
1092 2136 1098 2177 j

310 2167 430 2203 dotem
459 2169 586 2214 illam,
624 2172 777 2219 qualiter
811 2171 849 2208 in
886 2172 948 2208 isto
977 2175 1068 2208 Deu-

307 2217 414 2254 sdona
455 2221 651 2257 Presbitero
678 2223 712 2257 8<
740 2223 905 2267 Clerico‚
942 2224 977 2259 &
1016 2237 1069 2258 res

307 2269 380 2316 ipsa
409 2271 614 2309 confirmata
633 2273 722 2309 fuit.
745 2273 860 2309 Postea
881 2273 1067 2309 inimicum

308 2333 387 2356 eum
409 2321 565 2368 maduit,
586 2325 620 2359 &
641 2324 820 2360 involavit
847 2324 935 2360 mihi
958 2324 1066 2367 ipsam

308 2373 513 2416 Cartuhxm,
552 2376 586 2410 8<
623 2375 740 2424 querit
776 2374 867 2410 mihi
909 2384 1068 2410 contrare

307 2420 416 2469 ipsam
438 2426 624 2461 Ecclesiam
637 2453 646 2461 .
664 2426 883 2472 Respondebat
903 2426 965 2472 ipse
981 2428 1064 2459 Deu-

309 2474 406 2517 gsdona
432 2478 619 2513 presbiter:
645 2479 750 2514 Certe
777 2476 928 2522 veritas,
956 2474 1039 2524 quia
1055 2502 1068 2520 ²

485 2553 506 2570 s

1187 556 1268 592 inde
1295 557 1406 607 ipsam
1434 560 1620 596 Ecclesiam
1647 559 1764 596 Sanffl
1790 560 1951 608 Angeli,

1187 608 1218 641 8<
1249 621 1300 643 res
1329 610 1369 644 ad
1397 623 1436 645 ea
1465 611 1677 658 pertinentes
1704 611 1775 658 jam
1798 610 1834 645 in
1860 620 1948 644 tem-

1187 670 1267 704 pore
1295 659 1453 698 Desiderii
1488 662 1614 706 Regis:
1649 661 1683 693 δ(
1719 660 1873 705 qualiter
1907 660 1945 695 in

1187 717 1220 742 te
1261 708 1501 753 confirmavi,
1543 710 1677 744 nullam
1715 709 1783 743 tibi
1820 709 1949 745 exinde

1185 767 1305 793 contra
1325 772 1408 794 num
1431 760 1600 795 cartulam
1622 758 1730 808 ipsam
1753 772 1949 807 numquam

1185 808 1368 850 invelavi,
1399 823 1461 845 nec
1489 820 1573 859 aput
1609 823 1665 845 me
1701 823 1855 856 unquam
1892 823 1945 846 re-

1184 860 1304 895 venit.
1333 863 1380 895 Et
1406 862 1482 895 dum
1507 872 1582 896 ant-e
1609 861 1708 908 ipsum
1733 864 1947 905 Domnusso-

1184 912 1302 944 baanes
1328 911 1516 958 Eptscopum
1544 913 1587 945 Θ
1614 925 1688 955 nos,
1717 911 1780 958 ipse
1805 911 1946 956 Deusdo-

1183 973 1224 993 na
1250 961 1407 995 Presbiter
1439 962 1549 995 taliter
1582 972 1691 996 vetare
1725 960 1866 1008 ceptffet,
1897 960 1944 1003 fic

1184 1010 1246 1056 ipse
1273 1014 1415 1045 Domnus
1435 1013 1604 1056 johannes
1630 1012 1802 1059 Episcopus
1821 1022 1895 1046 ante
1911 1012 1947 1054 se

1184 1063 1370 1108 Evangelia
1403 1062 1513 1096 vem're
1541 1062 1646 1105 fecit,
1686 1072 1722 1094 ut
1756 1073 1844 1107 quem
1880 1061 1945 1107 ipse

1182 1112 1352 1157 Deusdtma
1378 1112 1536 1147 Preriter
1565 1111 1676 1145 exinde
1696 1111 1791 1155 sct'ret
1816 1112 1948 1155 omnia,

1183 1162 1211 1195 et‘
1237 1174 1349 1198 certam
1376 1163 1492 1196 diceret
1516 1162 1702 1196 veritatem.
1740 1164 1788 1195 Et
1813 1162 1889 1194 dum
1915 1162 1947 1195 εἰ

1183 1213 1368 1258 Evangelia
1388 1212 1456 1259 ipsa
1480 1212 1514 1245 in
1539 1222 1613 1246 ante
1634 1222 1783 1259 poneret,
1806 1212 1944 1258 presenti

1183 1262 1246 1308 ipse
1267 1262 1434 1306 Deusdona
1452 1263 1611 1297 Presbiter
1629 1272 1703 1297 ante
1727 1275 1780 1295 nos
1796 1260 1945 1308 professus

1182 1311 1249 1354 est:
1275 1339 1298 1355 ‚‚
1325 1314 1468 1347 Certam
1498 1312 1598 1348 vobis
1626 1312 1706 1348 dico
1731 1312 1942 1355 veritatem,

1182 1389 1206 1406 „
1233 1362 1316 1409 quia
1353 1364 1536 1398 Cartulam
1564 1363 1673 1412 ipsam
1708 1375 1771 1398 nec
1809 1362 1943 1398 furavit

1130 1443 1138 1448 .
1183 1439 1205 1456 ,,
1234 1425 1296 1447 nec
1317 1422 1400 1461 aput
1421 1426 1475 1448 me
1495 1423 1632 1449 revenit
1649 1441 1658 1458 ‚
1686 1413 1749 1448 nisi
1776 1412 1853 1449 dixi
1874 1414 1943 1448 Al-

1182 1489 1205 1506 ‚‚
1234 1463 1323 1511 perti
1351 1463 1484 1498 Clerici
1502 1491 1512 1507 ,
1539 1465 1601 1510 qui
1629 1473 1701 1499 erat
1728 1462 1941 1510 obsequialis

1181 1540 1204 1556 „
1233 1513 1304 1561 ejus
1334 1512 1507 1548 Deusdedi
1537 1513 1734 1548 presbiter.
1764 1513 1883 1555 Vade,
1911 1512 1938 1547 sr

1180 1591 1203 1607 ‚,
1233 1563 1362 1611 potest;
1380 1563 1468 1598 tolle
1484 1564 1667 1598 Cartulam
1687 1563 1787 1598 illam
1801 1590 1811 1606 ,
1831 1575 1939 1610 quam

1182 1642 1205 1657 „
1233 1627 1297 1661 ego
1325 1613 1392 1648 feci
1421 1613 1594 1648 Deusdedi
1617 1613 1790 1648 Presbiter
1809 1613 1850 1648 de
1873 1615 1940 1648 Ec-

1180 1691 1204 1708 „
1232 1662 1331 1698 clefia
1367 1676 1444 1698 mea
1481 1663 1598 1699 Sancii
1626 1663 1758 1711 Angeli
1777 1690 1788 1707 ,
1824 1664 1858 1698 &
1886 1676 1940 1699 res

1180 1741 1203 1758 ,‚
1231 1714 1272 1749 ad
1300 1727 1375 1749 eam
1404 1723 1612 1758 pertenent,
1645 1715 1679 1748 ἃ
1707 1713 1781 1748 didi
1809 1726 1873 1756 ea,
1901 1714 1936 1748 δε

1179 1791 1204 1808 ‚,
1231 1777 1295 1812 ego
1323 1763 1514 1805 confirmo,
1551 1764 1585 1798 &
1613 1763 1649 1798 in
1678 1762 1787 1810 ipsam
1816 1764 1937 1798 Eccle-

1179 1842 1202 1859 ‚,
1230 1814 1311 1849 fiam
1339 1813 1456 1849 Sansti
1486 1813 1639 1862 Angeli,
1661 1812 1744 1848 ficut
1765 1814 1798 1847 δε
1821 1812 1935 1860 ipsum

1109 1872 1139 1904 D
1175 1892 1202 1909 „
1228 1864 1339 1900 habeo
1359 1863 1603 1900 confirmatum
1617 1891 1628 1898 .
1653 1863 1708 1900 Sic
1729 1862 1840 1920 pellea
1861 1863 1935 1911 ipse

1176 1943 1200 1960 „
1228 1916 1397 1962 Alpertus
1437 1914 1623 1957 Clericus,
1665 1914 1746 1949 dum
1784 1926 1821 1949 ιη
1859 1915 1932 1962 ejus

1177 1994 1201 2010 „
1228 1965 1432 2013 obsequium
1461 1965 1567 2006 esset,
1603 1963 1735 2000 furavit
1763 1965 1794 1999 ei
1822 1965 1934 2002 ipsam

1179 2045 1202 2061 ,‚
1230 2018 1436 2060 Cartulam,
1471 2016 1505 2050 δί
1533 2014 1680 2051 adduxit
1716 2028 1790 2051 eam
1820 2015 1935 2061 mihi,

1182 2095 1205 2112 ,‚
1233 2068 1265 2102 3<
1294 2067 1389 2103 dixit
1415 2065 1525 2101 mihi.-
1563 2067 1652 2101 Ecce
1679 2067 1860 2102 Cartulam
1891 2066 1938 2102 51.

1181 2145 1205 2163 ‚,
1232 2119 1331 2160 lam,
1370 2130 1436 2165 que
1471 2115 1559 2151 mihi
1603 2118 1729 2152 tollere
1765 2117 1934 2162 dixiffet,

1181 2196 1205 2213 ‚‚
1232 2178 1371 2204 tantum
1397 2166 1564 2202 confirma
1593 2180 1647 2202 me
1675 2167 1710 2203 in
1740 2167 1848 2215 ipsam
1869 2169 1938 2203 Ec.

1182 2246 1205 2263 „
1233 2218 1387 2255 clefiam.
1424 2220 1482 2253 Set
1509 2231 1573 2267 ego
1600 2218 1675 2254 dixi
1704 2217 1762 2254 ei:
1802 2217 1825 2253 fi
1862 2231 1935 2254 non

1182 2297 1205 2314 ,‚
1233 2269 1320 2305 delis
1355 2269 1537 2304 cartulam
1575 2269 1695 2313 istam,
1731 2268 1863 2304 ibidem
1900 2277 1943 2305 te·

1109 2327 1137 2359 E
1181 2347 1206 2364 ‚,
1233 2318 1437 2356 confirmare
1464 2333 1532 2355 non
1563 2318 1683 2367 poffit.
1710 2322 1756 2355 Et
1780 2319 1862 2356 dum
1883 2328 1937 2355 ta-

1181 2397 1205 2415 „
1233 2370 1315 2406 liter
1340 2370 1523 2415 dixissem,
1559 2370 1632 2418 ipse
1658 2372 1826 2419 Alpertus
1853 2371 1938 2405 Cle-

1182 2449 1205 2466 „
1232 2421 1323 2457 ricus
1351 2420 1500 2470 presenti
1528 2430 1607 2457 ante
1635 2435 1690 2457 me
1726 2420 1822 2456 dedit
1847 2422 1936 2456 Car-

1154 2503 1155 2506 ,
1181 2499 1206 2516 „
1232 2472 1343 2508 tojam
1370 2471 1471 2509 illam
1508 2472 1550 2509 ad
1585 2485 1692 2510 unum
1729 2473 1936 2508 Brennum

1773 2548 1799 2566 m
1828 2533 1886 2570 ἓξ·
