2185 3027
265 226 345 262 261

537 213 1019 256 DISSERTATJO
1082 212 1489 258 UNDECIMA'.

1685 222 1766 258 262

206 277 294 319 lam,
330 287 387 321 que
413 274 503 321 Alpe
531 276 636 308 Plana
661 274 803 316 dicitur,
839 271 963 306 cunila·
1003 273 1038 307 A
1076 270 1253 305 Civitatem
1281 272 1323 303 (5·
1349 282 1435 305 extra
1461 276 1503 307 ad
1538 275 1636 322 ipsum
1672 272 1835 314 Monaste-

201 326 279 372 sque
305 338 350 359 res
377 326 420 359 ad
446 328 573 359 eandem
600 328 722 358 Cortem
747 323 935 370 pertinentes
954 349 964 366 ,

207 380 261 411 vel
298 375 479 422 aspicientes
516 376 549 409 in
590 374 826 422 quibuscumque
866 373 965 415 locis,

207 439 276 462 cum
303 425 468 460 territoriis
495 426 537 459 (9·
556 424 682 470 finibus
705 436 760 472 per
786 428 966 470 Preceptum

208 475 431 524 Liudprandi
473 476 600 523 Regis,
639 487 695 522 per
729 475 862 521 singula
901 475 968 508 loca

209 527 410 562 denuntiatis
427 554 437 571 ‚
473 527 527 561 vel
554 528 719 561 earundem
746 538 846 560 rerum
875 524 966 559 Deci-

210 590 300 617 mas,
328 590 385 623 que
412 590 595 624 quocumque
622 578 709 611 modo
735 577 818 610 inibi
846 576 967 609 labora-

211 638 242 662 te
260 626 380 671 fiunt:
417 628 459 661 (9·
486 627 677 671 Ecclesiam,
714 640 771 674 que
799 626 833 660 in
860 626 970 658 bonore

213 677 326 712 Sanfti
352 678 530 724 astcgusiini
558 691 617 711 non
646 679 736 724 longe
763 679 783 711 ἃ
810 674 971 720 Januensi

213 727 360 762 Civitate
400 728 567 769 consiruc‘ia
607 728 648 769 eft
685 730 726 762 ab
762 728 826 773 ipso
861 724 968 761 Lind-

214 777 347 826 prando
384 777 532 825 preditsti
569 778 721 813 Cenobii
759 776 970 823 fundatore3

213 829 297 864 alias
324 841 439 875 quoque
466 832 595 872 Cortes,
623 842 680 875 que
699 827 903 862 Lardiriacus
930 826 973 859 (9·

215 878 391 921 Villarafia
416 879 564 912 dicuntur
580 905 589 921 ,
622 879 665 912 (9·
691 878 799 919 mansa
815 904 825 921 ,
854 890 912 923 que
939 875 971 909 in

213 928 355 964 Rovorri
376 927 506 972 jacent,
533 928 578 961 (5
596 930 686 962 Corte
706 927 879 972 Creffiani,
907 929 970 959 Tu-

217 978 315 1022 rine,
352 978 541 1012 Gerentiano
559 1005 568 1021 ‚
598 979 639 1012 (9·
669 978 701 1012 in
730 977 884 1012 Cartiano
911 979 972 1010 Ec-

215 1027 337 1068 clesiam
363 1042 458 1064 unam
491 1028 606 1062 SanHe
631 1028 770 1072 juliane
796 1041 863 1061 cum
890 1026 974 1060 omni

214 1078 343 1113 honore.
380 1077 573 1123 Poffiffiones
600 1078 715 1122 etiam,
752 1091 829 1124 quas
864 1078 974 1111 habere

213 1128 343 1160 videtur
377 1128 411 1160 in
448 1128 606 1167 Laudensi
641 1128 802 1162 Comitatu
829 1128 872 1161 (9·
898 1131 972 1161 Per·

211 1174 354 1223 gamensi
365 1202 375 1218 ‚
391 1175 541 1209 videlicet
557 1177 757 1224 Amfenengo
773 1191 840 1213 cum
860 1181 951 1212 Corte
962 1203 971 1219 ,

214 1238 274 1274 que
305 1226 441 1260 Flumbo
475 1225 617 1269 dicitur,
654 1239 721 1260 cum
756 1229 899 1262 omnibus
934 1227 976 1262 ad

215 1289 284 1311 eam
307 1276 558 1323 pertinentibus,
587 1276 629 1310 (9·
652 1276 766 1320 Casale
784 1278 897 1312 SanHi
916 1281 975 1311 Pe-

214 1327 288 1370 tri,
316 1327 359 1361 (Ὺ
385 1327 496 1371 Casale
522 1327 703 1370 Aribaldi,
732 1327 775 1361 Θ·
801 1328 975 1369 Castellum

214 1376 378 1412 Aichardi
418 1378 451 1412 in
491 1377 654 1411 comitatu
694 1377 856 1419 Parmensi
881 1406 892 1423 ,
934 1377 977 1411 (9·

214 1428 297 1475 quod
323 1427 436 1472 Casale
461 1427 588 1469 Sindefi
613 1428 750 1472 dicitur,
785 1443 852 1463 cum
879 1430 974 1464 omni-

216 1480 274 1513 bus
300 1480 409 1521 rebus,
436 1481 490 1512 vel
517 1492 621 1513 earum
643 1480 868 1525 pertinentiis.
896 1481 977 1514 Illas

216 1529 312 1562 etiam
338 1539 459 1571 terras,
495 1541 552 1574 que
588 1529 621 1562 in
657 1528 798 1562 Luciano
825 1530 869 1560 &⁰
894 1532 974 1572 Spa·

216 1577 328 1619 riano,
352 1579 392 1609 (9·
413 1577 445 1610 in
467 1576 598 1615 Rosioni
613 1576 764 1620 poffidet,
789 1588 857 1609 cum
877 1576 973 1609 omni-

217 1628 275 1662 bus
310 1626 540 1671 circumquaque
575 1624 817 1669 adjacentibus,
856 1626 898 1659 (9·
934 1627 977 1660 aa?

218 1677 324 1710 eadem
360 1676 425 1709 loca
461 1675 712 1721 respicientibus.
747 1675 975 1719 Confirmamus

218 1726 344 1772 insuper
367 1726 524 1772 prelibato
550 1725 700 1759 Coenobio
725 1736 818 1772 atque
844 1727 975 1761 Abbati

219 1778 344 1809 Cortem
379 1779 564 1818 Pavonem,
602 1788 653 1808 nec
689 1788 749 1809 non
785 1777 829 1809 (9·
855 1777 973 1820 illam,

218 1837 276 1872 quc
312 1828 344 1858 in
381 1826 535 1858 Roboreto
568 1825 685 1858 dicitur
719 1829 811 1859 Corte
846 1828 973 1872 Regia,

220 1876 263 1908 (9'
289 1874 458 1915 Ecclesiam
493 1873 607 1908 Sanfie
634 1876 743 1908 Marie
769 1877 808 1909 de
834 1878 972 1923 Tergui,

218 1939 284 1960 eum
320 1925 460 1959 omnibus
491 1924 692 1970 pertinentiis
719 1926 763 1958 (9·
787 1926 975 1971 adjacentiis

212 1976 307 2022 suis,
335 1975 546 2019 molendinis,
580 1975 803 2022 piscationibus
823 1978 913 2022 suis,
941 1994 974 2012 a·

217 2026 314 2073 quis,
351 2038 560 2073 aquarumque
587 2025 759 2066 decursibus
777 2053 785 2069 ,
814 2028 906 2062 cultis
934 2029 975 2062 (9·

220 2076 349 2110 incultis
391 2077 504 2119 rebus,
545 2077 724 2122 ubicumque
763 2079 893 2112 locorum
933 2079 977 2113 ad

222 2125 341 2170 easdem
366 2129 473 2160 Cortes
495 2127 754 2173 pertinentibus:
781 2128 822 2161 (9·
849 2130 974 2172 omnia,

221 2188 279 2223 que
306 2176 339 2210 in
368 2179 480 2210 Monte
507 2180 669 2219 farrato,
706 2178 748 2210 Θ·
774 2191 830 2224 que
857 2180 889 2212 in
917 2183 974 2213 Co-

221 2226 337 2260 mitatu
359 2227 540 2268 Vercellensi
561 2228 604 2261 (9·
629 2228 838 2274 Jporegiensi,
860 2230 901 2263 (9’
920 2243 976 2276 que

221 2276 257 2311 in
295 2277 484 2318 Novariensi
509 2279 552 2312 ad
587 2279 715 2312 eundem
751 2279 847 2313 locum
878 2281 975 2327 perti-

223 2337 319 2370 nent,
356 2327 398 2360 (9·
424 2328 540 2372 quein
576 2329 698 2371 Caselle
733 2330 776 2364 (3·
812 2330 845 2363 in
883 2334 978 2364 Ponte

222 2376 376 2420 Carioni,
414 2378 457 2410 (9·
493 2377 526 2411 in
561 2379 714 2413 Solariolo
751 2380 831 2414 idem
866 2384 975 2415 Coeno·

223 2428 310 2462 bium
332 2427 479 2473 poffia'ere
503 2428 607 2472 visum
633 2429 693 2471 est.
721 2434 844 2465 Cortem
863 2432 977 2474 etiam,

223 2491 281 2525 que
307 2478 414 2512 Diane
439 2477 575 2522 dicitur,
612 2480 644 2513 in
672 2481 832 2516 Comitatu
857 2482 977 2517 Albin-

218 2527 373 2576 ganenfi,
402 2528 444 2563 (9·
469 2542 505 2564 ea
532 2529 656 2575 omnia,
689 2543 746 2579 que
771 2532 857 2577 infra
883 2532 980 2580 ipsam

1077 321 1158 354 rium
1183 321 1335 367 pertinere
1361 321 1534 358 videntur,
1570 328 1699 358 Portum
1735 322 1834 357 etiam

1078 371 1277 415 Rosariolum
1313 370 1406 416 longo
1430 380 1558 415 tempore
1584 376 1623 407 ab
1659 373 1723 420 ipso
1759 374 1835 407 Μο-

1079 421 1210 463 nasterio
1251 431 1397 463 tentum,
1438 432 1611 466 omnemque
1651 434 1764 458 terram
1800 422 1836 456 in

1079 472 1244 518 campania
1270 469 1434 518 Papiensis
1462 469 1553 504 Urbis
1576 469 1747 515 jacentem,
1779 472 1838 518 ju.

1072 522 1180 568 steque
1215 523 1295 557 inibi
1327 521 1557 568 pertinentem,
1595 520 1636 552 (9·
1672 523 1834 556 Decimas.

1082 575 1248 608 Donamus
1273 572 1368 607 etiam
1405 571 1448 605 (9·
1482 570 1704 604 corroboramus
1740 573 1837 604 eidem

1080 623 1258 658 venerabili
1284 623 1346 656 loco
1371 632 1494 664 terras,
1531 632 1608 667 quas
1636 619 1670 653 in
1693 620 1839 665 partibus

1082 674 1190 718 Tuscie
1223 673 1352 708 videtur
1386 672 1496 706 habere
1525 682 1582 718 per
1616 669 1755 713 diversos
1781 672 1842 702 Co-

1019 721 1046 755 B
1083 724 1214 758 nvitatus
1241 725 1284 757 &
1319 724 1403 757 loca.
1440 725 1533 757 Duas
1568 720 1664 755 etiam
1691 719 1842 753 Cortice!-

1054 757 1152 818 ¹las,
1195 774 1367 809 Maliacem
1403 772 1523 817 scilicet
1559 771 1601 805 &⁸
1636 770 1844 805 Cala-vadum

1083 838 1149 858 cum
1183 823 1335 871 Suffello,
1373 824 1415 857 (9·
1451 826 1571 864 Leuco,
1607 831 1701 868 atque
1726 821 1843 866 Capel-

1083 876 1144 916 la,
1181 889 1237 921 que
1264 875 1305 916 est
1332 874 1365 908 in
1392 874 1502 908 honere
1527 872 1663 906 SanHae
1691 870 1754 905 Dei
1780 872 1844 904 Ge-

1085 924 1208 959 nitricis
1234 925 1385 967 Mariae,
1421 937 1478 970 que
1512 923 1629 956 dicitur
1654 920 1844 964 Primasca,

1085 989 1142 1021 que
1176 975 1345 1018 confiruHa
1381 975 1421 1016 est
1457 973 1491 1006 in
1529 972 1619 1006 Valle
1654 972 1840 1014 Belizona;

1087 1026 1130 1059 (9·
1157 1027 1233 1060 illas
1259 1036 1379 1068 terras,
1407 1038 1463 1071 que
1489 1023 1600 1058 habere
1624 1021 1727 1066 visum
1747 1020 1787 1068 est
1808 1020 1843 1053 in

1086 1078 1223 1125 Beligno
1250 1077 1293 1110 (9·
1320 1076 1353 1109 in
1381 1074 1580 1117 Liventina,
1608 1085 1674 1106 cum
1701 1070 1844 1104 omnibus

1079 1128 1150 1171 suis
1181 1126 1407 1174 pertinentiis.
1444 1129 1567 1158 Cortem
1604 1122 1748 1166 insuper,
1785 1132 1844 1165 que

1087 1182 1239 1224 Vergonto
1280 1176 1420 1219 dicitur,
1459 1174 1502 1206 (9·
1541 1171 1715 1216 Ptscariam
1734 1195 1746 1212 ,
1786 1182 1844 1215 que

1084 1229 1126 1270 est
1151 1229 1186 1262 in
1213 1231 1347 1262 Tauxa.

1133 1280 1313 1312 statuimus
1339 1275 1483 1322 insuper,
1512 1272 1555 1307 (9·
1581 1271 1681 1306 modis
1704 1269 1845 1305 omnibus

1082 1328 1255 1373 censemus,
1274 1326 1462 1374 precipimus
1480 1338 1515 1358 ac
1526 1322 1690 1367 jubemus,
1708 1323 1749 1355 (9·
1765 1319 1846 1366 jux-

1083 1389 1118 1414 ta
1145 1378 1311 1420 nostrorum
1338 1373 1570 1420 ussinecefforum
1606 1377 1754 1419 Regum,
1789 1370 1846 1404 vel

1083 1432 1306 1476 Imperatorum
1320 1426 1506 1462 auHOritate
1512 1423 1655 1468 firmiter
1671 1422 1821 1456 edicimus
1831 1447 1842 1464 ,

1083 1489 1118 1512 ut
1145 1479 1253 1512 nullus
1278 1476 1559 1522 Arcbiepifhopus,
1588 1473 1696 1507 nullus
1714 1471 1846 1518 Episco-

1081 1539 1140 1572 pus
1157 1555 1167 1570 ,
1195 1529 1302 1562 nullus
1330 1526 1499 1567 Marchio,
1537 1524 1592 1557 vel
1618 1526 1751 1565 Comes,
1787 1529 1844 1555 aut

1085 1577 1271 1620 Vicecomes,
1299 1586 1355 1611 aut
1378 1574 1564 1618 Gaslaldio,
1585 1573 1657 1614 sive
1675 1571 1845 1616 cujuscum-

1083 1640 1141 1674 que
1159 1626 1408 1669 Ministerialis‚
1429 1626 1578 1671 nullaque
1592 1623 1770 1668 judiciaria
1789 1633 1845 1668 po-

1057 1689 1061 1697 ·
1084 1676 1198 1720 testas,
1225 1677 1280 1711 vel
1303 1676 1508 1723 Reipublicae
1528 1673 1703 1716 Minister,
1724 1672 1757 1706 in
1773 1682 1845 1718 pre-

1085 1727 1182 1761 diHis
1208 1727 1381 1770 Cortibus,
1415 1725 1558 1772 prediis,
1593 1721 1842 1770 paffeffionibus‚

1081 1777 1136 1821 seu
1165 1777 1198 1810 in
1225 1777 1385 1822 aliquibus
1410 1776 1484 1809 locis
1511 1774 1632 1820 prefato
1666 1772 1846 1807 venerabili

1087 1828 1148 1860 loco
1170 1826 1426 1872 pertinentibus,
1452 1824 1604 1869 placitum
1630 1833 1755 1866 tenere,
1790 1822 1845 1856 vel

1087 1876 1261 1919 distrifium
1288 1876 1408 1919 facere,
1429 1874 1502 1915 five
1524 1873 1647 1916 fodrum
1663 1901 1673 1916 ,
1700 1882 1756 1907 aut
1782 1871 1846 1907 ali-

1088 1940 1180 1974 quam
1210 1926 1400 1970 sunfflionem
1431 1924 1616 1971 publicam,
1651 1923 1706 1957 vel
1741 1923 1846 1956 readi-

1089 1989 1178 2021 tum,
1215 1980 1236 2011 ἃ
1255 1974 1506 2023 [μρναιίἱὲἔοῃινη
1531 1974 1660 2009 locorum
1687 1973 1846 2007 habitato-

1089 2029 1200 2071 ribus,
1229 2027 1283 2061 vel
1306 2025 1536 2072 pertinentibus
1561 2025 1680 2071 exigere
1706 2024 1759 2057 vel
1786 2024 1847 2056 tol-

1089 2079 1177 2121 lere,
1213 2079 1329 2111 remotd
1355 2076 1438 2110 omni
1464 2089 1526 2109 occa
1544 2088 1610 2109 tone
1626 2102 1636 2117 ,
1669 2073 1845 2120 presumat.

1091 2131 1177 2163 Inter
1212 2138 1310 2162 cetera
1345 2137 1449 2161 tamen
1484 2126 1538 2160 hoc
1566 2124 1748 2170 specialiter
1775 2123 1846 2166 sta-

1091 2179 1241 2213 tuendum
1275 2177 1475 2219 censuimus,
1512 2184 1548 2208 ut
1581 2178 1704 2209 Cortem
1738 2173 1846 2219 predi-

1092 2228 1195 2272 Ham,
1222 2241 1279 2274 que
1308 2227 1450 2261 Maliace
1472 2225 1610 2268 dicitur,
1625 2224 1680 2258 vel
1698 2223 1846 2269 quicquid

1085 2279 1157 2325 sepe
1182 2278 1300 2313 dicium
1327 2276 1553 2319 Monasterium
1589 2275 1622 2309 in
1660 2274 1750 2307 Valle
1780 2277 1846 2307 Lu-

1091 2343 1201 2374 vana,
1238 2329 1281 2362 (9’
1316 2328 1348 2361 iu
1378 2328 1467 2361 Valle
1492 2329 1592 2372 Agno
1619 2326 1728 2359 habere
1754 2325 1846 2357 vide.

1092 2391 1164 2423 tur,
1190 2379 1331 2426 precipue
1356 2388 1517 2418 tueamur,
1555 2376 1699 2422 quoniam
1725 2374 1776 2407 bec
1802 2375 1848 2406 lo·

1093 2445 1127 2465 ca
1154 2431 1234 2464 inter
1267 2440 1389 2472 cetera,
1426 2426 1546 2462 maiora
1574 2427 1616 2459 (9·
1641 2424 1770 2467 fortiora
1797 2424 1849 2458 in.

1089 2480 1230 2523 fortunia
1255 2489 1347 2525 atque
1373 2478 1525 2519 molestias
1546 2476 1777 2519 sustinuerunt.
1815 2475 1848 2508 I.

1092 2538 1205 2579 deoque
1225 2530 1411 2578 precipimus
1438 2530 1480 2563 (9·
1498 2528 1732 2574 quibuscumque
1753 2525 1850 2558 inter-

1695 2590 1796 2615 mmm
