2185 3027
258 248 335 289 241
533 224 1007 274 DISSERTATIO
1080 222 1458 271 UNDECIMA
1673 243 1754 284 ῳ

199 313 203 317 ⁴
239 342 404 390 Iohannes
429 341 600 389 Episcopus
627 340 669 374 &
694 337 911 373 Cancellarius
937 337 980 372 ad
1006 335 1106 371 vicem
1132 333 1282 382 Ardingi
1319 334 1464 382 Episcopi
1490 339 1533 372 ἴθ’
1561 337 1816 376 ,Archicamellgz

298 392 341 427 rii
367 392 528 441 recognovi
555 392 597 427 (9⁶
617 388 803 437 subscripsi.

941 492 1058 527 Locus
1085 487 1204 539 sigilli
1231 489 1277 534 ἧς·
1293 485 1395 525 'cerei
1420 484 1617 536 deperditi.

249 599 342 635 Data
369 598 458 633 VIII.
486 598 566 632 Idus·
596 594 813 642 Septembris,
848 596 950 629 ,Anno
987 592 1149 628 Dominice
1183 589 1415 627 Incarnationis
1449 588 1672 623 DCCCCXX.
1706 589 1828 632 Domni

350 651 424 683 verb
460 647 647 695 Berengarii
676 645 861 693 sereniffimi
897 644 982 691 Regi
1019 644 1178 680 XXXIII.
1215 641 1344 690 Imperii
1377 649 1481 677 autem
1510 638 1567 686 sui
1601 640 1640 674 V.
1674 638 1826 676 [mimia.

353 711 392 733 ne
419 701 507 734 VIII.

250 797 376 836 ostium
401 799 543 847 Papiae,
571 799 606 834 in
631 798 750 842 Christi
776 799 899 833 nomine
919 796 1075 842 feliciter.
1102 802 1230 835 Amen.

256 899 324 935 Uti
351 899 496 948 quisque
515 900 633 937 videre
655 901 785 948 potest,
812 902 959 936 Curtem
994 902 1026 936 A
1068 907 1166 944 tens,
1203 897 1395 935 molestiam
1432 896 1492 933 sub
1527 909 1622 934 novo
1659 895 1827 944 Principe

206 949 296 986 hanc
323 950 360 985 in
389 951 575 986 Allodium
612 951 681 986 five
715 951 844 998 perenni
864 950 960 996 jure,
1069 949 1132 985 fibi
1159 958 1309 984 crearet.
1335 950 1514 983 Praeterea
1535 947 1730 996 supremum
1753 949 1828 982 Do-

208 1002 243 1036 &
270 1000 480 1047 Proprietario
507 1002 652 1045 nomine,
680 1001 839 1036 Bereffilus
865 1001 959 1035 Fide·
1071 1000 1207 1035 minum
1234 998 1404 1046 ejusmodi
1425 999 1560 1034 ratione
1581 997 1829 1047 agnoscentes,

207 1051 271 1095 lis,
308 1049 374 1086 hoc
409 1051 454 1086 est
483 1052 604 1087 Vaffus
625 1079 635 1096 ,
672 1052 713 1087 ab
751 1054 963 1099 Imperatore
1071 1049 1211 1098 ejusque
1239 1048 1434 1097 privilegio
1463 1048 1622 1092 muniti,
1659 1046 1831 1083 immuni-

206 1101 394 1147 impetrat.
416 1101 530 1147 Atqui
550 1102 668 1137 eadem
690 1101 753 1137 illa
772 1102 837 1146 est,
858 1113 961 1148 quam
1072 1109 1182 1137 tatem
1209 1100 1378 1149 majorem
1398 1100 1417 1134 ὲ
1441 1098 1641 1146 potentium
1668 1097 1830 1133 vexatio-

206 1149 306 1184 illius
330 1158 421 1194 pater
447 1152 625 1184 Teutelmus
647 1151 720 1196 jure
747 1152 867 1187 eodem
888 1155 961 1186 Pro·
1072 1165 1116 1187 ne
1135 1151 1453 1198 consequebantur.
1474 1151 1592 1193 Quam
1620 1160 1693 1182 rem
1719 1149 1830 1182 altero

204 1198 356 1247 prietario
371 1197 560 1246 possederat
571 1226 580 1234 .
596 1200 777 1245 Quidnam
797 1201 941 1238 liberius
953 1229 964 1246 ‚
1074 1202 1237 1249 exemplo
1259 1198 1502 1234 confirmatam
1518 1197 1602 1232 volo
1614 1223 1623 1231 .
1639 1195 1831 1232 Lotharius

209 1249 316 1297 quam
344 1248 437 1295 quod
466 1249 650 1297 Proprium
678 1250 745 1286 est?
774 1254 821 1287 Et
848 1252 964 1287 nihilo
1074 1253 1100 1286 Ι.
1123 1249 1296 1298 Augustus
1316 1246 1529 1283 Monasterio
1549 1245 1728 1282 Ticinenfi
1749 1247 1832 1281 San-

208 1299 318 1335 secius
345 1312 437 1334 nova
463 1298 614 1347 ejusdem
642 1300 764 1335 Curris
795 1301 965 1337 conceffio
1073 1300 1148 1336 &ae
1185 1299 1321 1335 Mariae
1357 1297 1582 1340 Theodatae,
1618 1310 1710 1332 nunc
1745 1297 1832 1331 della

211 1349 269 1385 seu
311 1348 532 1385 confirmatio
573 1350 592 1385 a
629 1349 707 1385 filio
748 1350 967 1399 impetranda
1000 1348 1027 1381 Β
1075 1350 1236 1395 Pasieria,
1261 1347 1449 1397 quamdam
1477 1348 1568 1383 muri
1597 1346 1729 1396 publici
1758 1360 1834 1394 par-

212 1399 305 1435 fuit.
341 1402 388 1435 Et
414 1399 555 1447 quidem
584 1400 758 1450 Augustus
793 1401 857 1437 ille
893 1402 964 1437 ait:
1075 1411 1147 1436 tem
1176 1399 1404 1435 concesserat.
1431 1400 1602 1434 Attamen
1630 1399 1725 1432 Caila
1746 1396 1832 1432 sacri

212 1451 414 1485 Concedimus
446 1452 488 1484 θ’
513 1452 693 1498 largimur,
729 1465 765 1487 ac
798 1453 837 1486 de
871 1452 969 1494 nostro
1075 1450 1157 1493 loci>
1175 1448 1381 1492 Abbatiffa,
1418 1462 1456 1484 ac
1483 1448 1506 1483 fi
1534 1448 1575 1483 de
1604 1447 1832 1483 Beneficiaria

210 1501 282 1546 jure
319 1502 361 1534 (θ’
395 1501 533 1535 dominio
569 1503 602 1535 in
630 1502 697 1546 ejus
720 1501 776 1547 jus
802 1503 845 1535 (9¹
870 1503 968 1536 domi·
1066 1504 1114 1537 *re
1141 1509 1321 1548 ageretur,
1349 1499 1390 1534 ad
1418 1498 1642 1535 Ludovicum
1680 1500 1726 1533 11.
1763 1499 1835 1532 Im-

215 1551 302 1585 nium
329 1552 452 1584 omnino
477 1552 731 1593 transfundimus
750 1552 817 1584 ἕνα.
844 1551 908 1584 Sed
935 1564 969 1584 a·
1077 1559 1272 1597 peratorem
1302 1549 1467 1585 Lotharii
1496 1548 1610 1584 filium
1648 1547 1722 1583 suas
1759 1560 1834 1596 pre·

214 1599 541 1634 nimadvertendum
578 1599 647 1641 est,
684 1597 834 1644 quaesita
869 1598 969 1647 huju·
1078 1613 1132 1635 ces
1159 1599 1309 1644 detulit,
1346 1607 1385 1634 ut
1412 1598 1505 1635 idem
1533 1599 1662 1634 donum
1691 1596 1835 1632 Ascete-

215 1647 327 1683 smodi
365 1647 570 1695 Diplomata
610 1647 708 1682 fuiffe
743 1649 762 1682 ὲ
799 1648 970 1697 plerisque
1077 1650 1132 1685 rio
1160 1649 1219 1685 suo
1246 1662 1339 1684 nova
1365 1648 1580 1684 conceffione
1608 1647 1828 1683 firmaretur:

216 1699 323 1733 etiam
346 1697 573 1732 Allodiorum
597 1697 772 1741 dominis,
801 1707 839 1733 ut
859 1701 971 1748 major
1079 1700 1171 1747 quod
1198 1701 1232 1735 &
1261 1699 1391 1735 factum
1418 1699 1507 1735 fuit.
1535 1701 1590 1734 Ita
1616 1700 1762 1733 Deodata
1784 1699 1834 1733 al-

213 1747 342 1783 exinde
368 1748 466 1794 quies
493 1749 525 1782 ὃ(
553 1749 663 1783 tutela
699 1747 874 1783 accederet
911 1763 969 1784 an·
1077 1760 1150 1785 tera
1178 1749 1409 1785 Parthenonis
1437 1750 1534 1785 illius
1563 1749 1768 1792 Abbatiffa‚
1806 1749 1835 1782 i-

216 1797 319 1844 tiquo
346 1796 406 1832 suo
443 1797 510 1844 juri
538 1799 571 1832 &
601 1797 793 1845 poffeffioni
823 1811 881 1846 per
908 1812 969 1835 no·
1008 1796 1039 1830 C
1078 1799 1156 1834 dem
1184 1799 1422 1846 postulandum
1459 1800 1626 1834 arbitrata
1653 1798 1697 1833 est
1723 1800 1742 1832 a
1769 1800 1834 1833 Be-

216 1860 298 1882 vam
340 1846 591 1881 conceffionem
635 1846 691 1882 seu
731 1847 969 1885 confirmatio·
1078 1849 1238 1896 teugario
1265 1850 1292 1883 1.
1321 1849 1444 1884 Italiae
1482 1851 1600 1896 Rege,
1636 1860 1744 1896 quum
1782 1857 1834 1882 ta-

217 1910 297 1933 nem
326 1896 412 1931 novi
451 1896 624 1943 Principis
641 1924 651 1940 ,
688 1896 837 1945 supremi
866 1908 968 1935 terra·
1082 1912 1161 1934 men
1187 1899 1340 1943 «modii,
1368 1911 1437 1933 non
1464 1898 1636 1942 Beneficii,
1657 1898 1766 1933 titulo
1786 1898 1835 1932 fa·

217 1960 294 1984 rum
322 1947 463 1982 illarum
491 1946 648 1982 domini.
672 1947 891 1984 Poriffimum
914 1963 969 1986 ve·
1081 1949 1137 1984 &a
1163 1948 1270 1984 fuerit
1297 1948 1409 1995 prima
1436 1948 1600 1984 donatio.
1638 1950 1837 1995 Utrumque

218 2001 257 2034 ro
292 1997 328 2032 id
364 1996 425 2032 fibi
467 1997 719 2046 procurandum
762 1999 970 2044 censebant,
1085 1999 1253 2048 Diploma
1280 2012 1322 2034 ex
1350 1999 1544 2035 Tabulario
1580 1998 1756 2035 Coenobii
1792 1998 1836 2033 il-

220 2048 347 2094 quibus
373 2058 470 2083 erant
499 2048 657 2096 praedia,
686 2050 703 2083 a
734 2049 886 2098 Regibus
914 2061 972 2086 aut
1081 2050 1150 2086 lius
1176 2048 1358 2095 descripfi.
1395 2052 1435 2085 In
1463 2050 1578 2097 primo
1605 2048 1730 2085 faciem
1758 2049 1837 2095 qui-

221 2097 445 2142 donationis,
473 2109 532 2134 aut
560 2099 631 2134 alio
658 2099 766 2134 titulo
805 2100 845 2135 ad
882 2101 973 2148 ipsos
1082 2101 1159 2136 dem
1189 2099 1369 2148 archetypi
1393 2099 1493 2148 vidi3
1522 2099 1577 2134 sed
1602 2100 1737 2135 nullum
1762 2098 1838 2142 ibi,

223 2148 411 2183 translata.
449 2150 642 2184 Verebatur
678 2149 770 2184 enim
808 2151 974 2198 quisque,
1085 2150 1107 2185 fi
1135 2152 1220 2185 bene
1248 2150 1417 2193 memini,
1437 2159 1510 2186 erat
1529 2149 1712 2199 vestigium
1734 2148 1838 2197 Sigil-

224 2210 267 2237 ne
294 2196 410 2233 Fiscus
439 2208 589 2235 veterem
618 2199 855 2250 possessionem
881 2215 975 2249 repe·
998 2215 1003 2237 1
1054 2218 1059 2229 ι
1085 2200 1114 2236 li
1141 2209 1242 2236 antea
1268 2199 1434 2250 appositi.

1187 2604 1231 2648 Q
1277 2614 1297 2638 2.
1664 2595 1791 2646 Dip10.‘
