2185 3027
396 235 445 273 39
685 217 1097 277 ANTIQUIT.
1158 216 1393 260 MEDII
1446 217 1621 261 AEVI
1848 222 1906 272 '40

325 277 446 311 ruebat
475 275 680 313 Ludovicus
706 280 750 313 ΙΙ.
772 278 945 322 Augustus
966 279 1002 314 in
1024 278 1084 313 suo
1111 277 1157 312 Ἀ
1203 275 1359 323 sequenti
1388 277 1610 313 Duodecimo
1638 274 1748 311 adhuc
1776 274 1878 310 illum
1906 275 1962 311 via

325 326 526 374 Capitulari
545 355 555 371 ,
591 329 684 375 quod
721 329 886 377 evulgavi
917 331 1008 364 Part.
1038 329 1082 363 11.

324 376 436 412 Tomi
457 379 480 413 s,
500 380 576 413 Rer.
596 378 746 414 Italicar.
763 393 838 428 pag.
861 391 942 426 159.
962 378 1082 413 Proin-

322 425 366 461 de
395 426 567 463 familiare
595 428 663 464 fuit
692 431 833 464 Francis
854 429 1019 477 Augustis
1040 431 1083 463 E-

323 476 484 526 piscopos
511 479 545 513 &
578 480 730 515 Abbates
767 480 919 527 deligere
947 480 987 514 ad
1018 479 1083 513 hoc

324 540 476 573 munus,
518 529 611 576 quod
647 530 674 565 ii
713 530 863 578 aptiores
892 542 996 576 quam
1028 531 1082 564 Se·

324 579 457 614 culares
485 579 644 615 homines
673 579 787 615 forent
815 579 856 615 ad
881 578 1083 627 dignoscen‘

324 628 383 664 das
421 629 592 665 sacrorum
631 632 812 673 locorum,
849 632 881 664 &
912 630 1010 665 Cleri
1047 643 1082 664 u-

323 679 506 727 triusque,
543 682 577 715 8<
607 680 776 716 sacrarum
806 679 995 728 Virginum
1027 693 1079 714 ne-

325 729 523 774 ceffitates‚
566 744 756 778 eorumque
793 744 906 765 mores
943 743 1084 767 comno-

323 780 455 816 nendos
472 807 480 816 .
512 780 679 828 pippinus
709 781 833 816 Italiae
864 783 937 816 Rex
960 780 996 815 in
1019 783 1082 816 Le-

324 844 367 879 ge
397 833 491 866 XXs.
521 831 740 879 Langobard.
770 830 909 866 testatur
936 830 968 866 se
995 830 1082 866 dire-

324 881 411 917 xisse
440 881 584 924 Miffos,
621 895 717 915 imum
752 881 945 915 Monachum
983 882 1024 914 (9·
1052 895 1080 916 a·

325 932 406 965 lium
429 932 637 977 Capellanum
658 931 745 975 infra
765 935 912 978 Regnum
932 931 1064 974 nostru-02
1078 958 1086 973 ,

322 982 554 1028 providendum
581 982 634 1015 vel
669 981 890 1028 inquirendum
922 992 978 1029 per
1014 984 1086 1015 Mo·

327 1032 463 1071 walteria
492 1032 634 1065 Virorum
661 1045 696 1066 ac
724 1032 928 1074 Puellarum,
964 1044 1085 1079 quomo-

325 1083 366 1116 do
393 1081 434 1123 est
459 1095 560 1115 eorum
587 1082 743 1116 habitatio
759 1109 769 1125 ,
805 1093 862 1117 aut
897 1082 1089 1125 conversatio

328 1144 429 1165 eorum
442 1159 451 1175 ,
473 1133 516 1165 (ὃν
533 1135 680 1178 quomodo
699 1133 837 1179 quodque
861 1133 1088 1173 Monasterium

328 1183 440 1216 debeat
465 1182 596 1223 habere,
634 1183 715 1216 unde
750 1182 861 1216 vivere
894 1183 1003 1229 pqffit.
1041 1182 1090 1217 Εᾶ

329 1232 438 1268 etiam
475 1231 516 1267 de
554 1231 668 1267 caussfi
695 1231 886 1281 Episcopus
917 1232 1090 1268 Civitatis

330 1282 455 1318 iisdem
484 1281 598 1317 Miffis
627 1282 756 1326 adesse,
781 1284 815 1317 8<
844 1295 911 1318 una
936 1295 1017 1318 cum
1046 1282 1091 1318 iis

330 1333 429 1369 Cleri
447 1333 640 1368 utilitatem
658 1346 696 1368 ac
711 1332 993 1368 emendationem
1011 1346 1083 1381 pro·

328 1396 448 1419 curare
475 1383 682 1431 jubebatur.
720 1383 887 1428 Quandiu
918 1396 992 1419 mos
1029 1383 1087 1418 iste

329 1433 498 1468 mittendi
525 1433 821 1468 extraordinarios
848 1434 985 1478 Judices
1003 1461 1013 1477 ,
1049 1433 1082 1468 fi-

329 1497 373 1520 ve
404 1482 529 1518 Miffos
565 1483 603 1518 in
643 1483 846 1518 Provincias
885 1484 1086 1532 perdurave-

329 1535 400 1578 rit,
428 1532 450 1568 si
478 1533 557 1581 quis
587 1542 707 1581 petat,
744 1533 960 1582 respondeo,
998 1533 1086 1569 mihi

327 1584 471 1633 quidem
501 1583 638 1628 videri,
675 1597 789 1620 rarum
817 1583 916 1620 fuisse
944 1585 1088 1621 Saeculo

328 1633 459 1672 Christi
476 1634 698 1684 Undecimo;
715 1635 859 1671 ineunte
874 1643 992 1671 tamen
1012 1635 1086 1671 sub-

1200 327 1328 374 guiffe,
1366 341 1404 362 ac
1441 328 1564 363 deinde
1601 326 1719 362 sensim
1757 325 1958 374 exspirasse,

1201 377 1309 412 donec
1345 378 1562 426 temporibus
1600 376 1770 412 Friderici
1809 380 1834 410 1.
1864 389 1959 422 pror-

1202 425 1254 461 sus
1295 430 1469 464 evanuit.
1510 431 1560 463 Ea
1601 428 1695 463 enim
1737 425 1957 470 tempestate,

1201 490 1307 523 quum
1336 478 1429 513 inter
1457 478 1673 514 fridericum
1702 476 1895 525 Augustum
1924 477 1958 510 8<

1201 527 1378 563 Civitates
1417 529 1593 576 plerasque
1630 526 1895 576 Langobardiae
1923 539 1958 561 a·

1201 586 1279 612 trox
1308 578 1500 614 invaluerit
1529 580 1681 621 bellum,
1710 577 1783 613 illis
1812 591 1872 625 pro
1894 576 1958 612 Li-

1202 627 1333 664 bertate
1369 630 1402 663 3<
1443 629 1634 672 Republiczi
1676 629 1743 677 jam
1773 627 1958 663 constituti

1202 680 1457 726 pugnantibus,
1485 679 1630 715 Caesare
1658 693 1719 727 pro
1741 677 1957 714 restituendis

1172 742 1175 750 ·
1201 729 1269 775 jam
1298 729 1491 776 antiquatis
1520 732 1773 773 Imperatorum
1801 728 1956 777 juribus,

1200 782 1241 814 εὸ
1270 780 1407 814 tandem
1446 793 1498 815 res
1535 779 1704 822 devenit,
1742 787 1780 813 ut
1817 790 1961 813 concor-

1201 829 1257 863 dia
1286 843 1343 877 per
1371 843 1489 878 pacem
1518 829 1742 865 Constantiae
1779 827 1890 872 inita,
1927 840 1962 862 e-

1202 879 1349 926 jusmodi
1380 880 1564 916 Mifforum
1604 880 1679 915 usus
1716 878 1864 914 omnino
1903 877 1960 913 de-

1202 929 1317 965 fierit.
1356 933 1461 967 Certe
1497 932 1620 966 Seculo
1648 929 1777 966 Christi
1808 927 1961 964 Undeci-

1202 992 1282 1023 m0,
1311 990 1350 1016 ut
1377 981 1476 1025 dixi,
1504 981 1614 1016 adhuc
1637 980 1776 1028 vigebat
1798 978 1858 1014 ista
1879 990 1960 1013 con-

1175 1032 1179 1066 l
1203 1029 1368 1074 suetudo,
1397 1031 1450 1066 uti
1479 1031 1649 1079 exemplis
1675 1032 1760 1065 bene
1781 1028 1903 1064 multis
1924 1041 1961 1062 o-

1175 1068 1178 1120 Ῑ
1202 1080 1351 1117 stendere
1380 1081 1530 1129 possem,
1568 1083 1585 1116 ὲ
1614 1081 1738 1127 quibus
1768 1079 1850 1113 haec
1880 1091 1961 1123 pau-

1175 1121 1178 1184 }
1202 1143 1240 1165 ca
1269 1130 1460 1178 proferam.
1491 1130 1645 1165 Primum
1669 1128 1877 1164 ministuabit
1898 1141 1960 1162 no-

1202 1181 1254 1216 bis
1282 1181 1435 1225 Charta‚
1470 1194 1573 1227 quam
1603 1179 1840 1216 authenticam
1869 1178 1958 1213 olim

1203 1231 1276 1266 vidi
1305 1232 1338 1266 &
1367 1231 1524 1279 descripsi
1562 1245 1603 1266 ex
1642 1230 1804 1266 Archivo
1832 1230 1960 1263 Mona-

1202 1281 1346 1316 chorum
1389 1284 1527 1317 Montis
1574 1281 1710 1316 Oliveti
1756 1278 1959 1327 degentium

1202 1334 1319 1367 Lucae
1347 1331 1383 1367 in
1413 1332 1625 1367 Monasterio
1649 1330 1852 1367 &meierum
1878 1330 1959 1363 Bar-

1203 1382 1396 1417 tholomaei
1424 1384 1457 1418 δ(
1489 1383 1673 1417 Pontiani.
1711 1380 1871 1417 Similem
1901 1393 1959 1415 au-

1203 1442 1272 1468 tem
1303 1433 1471 1468 Chartam
1512 1442 1683 1468 memorat
1719 1430 1957 1466 Florentinius

1205 1483 1284 1519 Lib.
1306 1484 1331 1518 Ι.
1353 1497 1427 1532 pag.
1450 1495 1507 1531 29.
1529 1486 1634 1518 Vitae
1656 1482 1862 1519 comitissae
1881 1483 1959 1516 Ma·

1204 1532 1351 1582 thildis;
1384 1547 1495 1581 neque
1523 1543 1638 1569 tamen
1669 1534 1730 1569 illa
1759 1532 1876 1568 eadem
1906 1532 1959 1569 vi-

1203 1584 1303 1620 detur
1321 1612 1332 1629 ,
1360 1598 1447 1633 quae
1475 1584 1553 1620 heic
1580 1585 1786 1634 evulgatur.

330 1750 524 1794 Placitum
557 1748 597 1791 in
632 1751 741 1792 Urbe
773 1751 934 1792 Lucensi
966 1748 1146 1790 habitum
1178 1763 1308 1789 coram
1342 1748 1518 1791 Cadaloo
1550 1726 1960 1805 Cancellario'lmpe-

415 1808 577 1861 satoris,
608 1808 648 1850 in
675 1823 754 1863 quo
781 1807 974 1849 Canonici
1004 1806 1195 1848 Ecclefiae
1224 1807 1354 1848 Sanffi
1382 1806 1546 1847 Martini
1577 1807 1737 1847 caussam
1765 1808 1868 1848 obti-

534 1879 630 1909 nent
653 1879 790 1908 contra
816 1865 1060 1922 Sigefredum
1086 1867 1124 1906 &
1152 1865 1452 1922 hadulphum,
1478 1867 1599 1906 Anno
1630 1868 1751 1920 1038„

431 1987 489 2020 Um
516 1983 550 2018 in
577 1983 642 2018 Dei
669 1982 813 2026 nomine,
843 1982 930 2025 infra
952 1981 1092 2017 Comita-
1118 2001 1122 2044 1
1171 1984 1176 2061 ν

455 2045 484 2068 to
505 2033 660 2077 Lucense,
683 2033 715 2066 in
738 2033 799 2066 loco
819 2033 874 2078 qui
892 2032 1009 2066 dicitur
1030 2032 1092 2066 Via
1119 2051 1120 2054 =

331 2086 492 2128 Vinaria,
530 2084 616 2118 intus
643 2086 738 2117 Curte
767 2081 887 2117 Donni
917 2081 1090 2124 Bonifatii
1131 2070 1161 2105 E

328 2134 494 2170 Marchio
515 2135 619 2177 Dux,
641 2133 673 2167 in
692 2133 811 2177 judicio
839 2132 965 2179 sedtffet
995 2135 1089 2167 Don-

328 2199 392 2221 nus
419 2183 624 2220 Kadolohus
661 2182 927 2228 Kamellarius,
963 2183 1090 2219 Missus

328 2236 463 2271 Domni
486 2233 732 2283 Imperatoris,
763 2234 805 2268 (9⁴
834 2233 999 2269 Bertaldo
1019 2235 1085 2270 Co·

327 2299 422 2330 mes,
447 2297 503 2333 per
528 2292 607 2320 data
633 2285 763 2319 licentia
797 2284 917 2320 Domni
952 2286 1089 2330 Impera·

327 2337 404 2370 roris
428 2337 472 2371 ad
495 2335 623 2380 justitia
643 2335 815 2380 facienda,
836 2335 893 2369 hac
915 2335 1088 2370 deliberan-

326 2388 369 2421 da
390 2413 400 2428 ,
441 2386 644 2426 residentibus
687 2399 755 2420 cum
800 2385 844 2419 e1's
883 2386 917 2420 A
929 2411 1089 2421 .......

327 2435 520 2483 Episcopus
563 2434 791 2471 Bononiensis
827 2434 1004 2479 Ecclesie,
1046 2435 1088 2468 (θ’

329 2485 526 2522 Adalberto
553 2487 683 2522 Comes
700 2513 710 2529 ,
747 2487 791 2519 (9·
825 2486 1004 2522 Adalberto
1021 2488 1088 2529 Ju-

327 2538 388 2571 dex
414 2537 458 2572 (Ψ
483 2539 633 2572 Avocato
650 2563 660 2579 ,
688 2536 872 2583 Flaipertus
899 2536 1012 2581 Judex
1048 2536 1090 2570 (θ’

1203 1985 1350 2016 Avocato
1390 1981 1508 2017 Domni
1548 1980 1709 2023 Bonifatii
1748 1981 1957 2027 Marchz'oni',

1194 2031 1364 2076 Johtmni,
1392 2031 1596 2074 Radilandi,
1624 2031 1800 2074 Gherardi,
1825 2033 1958 2077 Waldi,

1202 2082 1380 2117 Adalberti
1396 2085 1426 2126 J
1429 2081 1566 2115 udicibus
1593 2082 1683 2115 Sacri
1710 2082 1855 2121 Palatii,
1881 2085 1961 2116 Ber.

1204 2133 1299 2166 nardi
1325 2133 1498 2175 Notarius,
1524 2135 1637 2165 Petrus
1655 2130 1732 2175 filio
1758 2134 1832 2166 bone
1851 2146 1960 2166 memo.

1204 2184 1247 2216 rie
1273 2183 1391 2226 Pauli,
1419 2182 1605 2216 Tenderichi
1624 2181 1699 2225 filio
1725 2184 1800 2217 bone
1819 2183 1961 2216 memorie

1203 2233 1410 2274 Ildebrandi,
1456 2232 1545 2266 Petri
1580 2231 1658 2276 filio
1702 2234 1776 2267 bone
1820 2233 1960 2266 memorie

1203 2283 1350 2319 Warneri
1366 2309 1375 2323 ,
1416 2282 1572 2317 Gherardi
1600 2282 1675 2326 filio
1709 2285 1784 2318 bone
1818 2283 1959 2316 memorie

1202 2333 1413 2377 Christofani,
1451 2334 1494 2366 (9⁴
1529 2333 1682 2379 reliquis:
1719 2333 1822 2380 ibique
1857 2345 1959 2366 eorum

1199 2385 1330 2419 veniens
1352 2383 1518 2430 presentiis
1544 2387 1605 2418 Leo
1625 2385 1805 2427 Presbytero
1825 2383 1868 2416 Θ
1886 2385 1958 2417 Ste-

1197 2435 1275 2479 fano
1309 2435 1511 2480 Presbytero,
1547 2434 1590 2467 (9¹
1626 2436 1784 2468 Lanberto
1818 2433 1959 2476 Clerico,

1201 2486 1245 2519 (9¹
1270 2484 1436 2532 uffteghino
1461 2484 1579 2518 Clerico
1596 2512 1605 2528 ,
1633 2484 1795 2519 Kanonici
1829 2484 1870 2517 (9⁴
1901 2487 1960 2516 Or-

1201 2535 1322 2571 dinarii
1364 2536 1403 2570 de
1443 2534 1582 2576 Ecclesia
1620 2534 1809 2571 Kanonicha
1848 2531 1961 2577 Simili

1814 2587 1910 2628 Mar!
