2185 3027
294 174 378 225 ‘149
608 162 1120 210 DISSERTATJO
1181 164 1498 213 DECJMA:
1722 187 1804 229 150

239 227 424 263 memorati
445 254 454 271 ‚
491 227 523 262 ὃ(
563 226 755 261 Vicecomites
795 224 836 260 de
873 224 998 272 quibus
1033 228 1074 263 A*
1105 224 1305 270 Rodoaldi(
1324 234 1423 260 antea
1452 228 1616 277 Ducis),
1645 231 1720 264 Loci
1746 236 1864 268 Serva·

240 279 294 326 egi
324 279 361 314 in
400 277 576 314 Differtat.
604 278 706 311 VIII.
732 278 770 310 de
796 276 1000 310 Comitibus?
1103 275 1178 309 toris
1205 287 1328 308 nomme
1361 285 1415 321 per
1451 290 1567 311 annum
1603 280 1646 313 <9⁶
1679 283 1793 326 menses
1813 283 1864 327 se.

238 328 411 376 Suspicari
440 329 529 364 forte
557 327 685 375 aliquis
715 325 838 375 poffit‚
867 325 926 361 sub
947 326 996 362 di·
1098 336 1183 373 ptem
1207 325 1432 372 gubernavit:
1460 325 1525 360 hoc
1553 327 1597 361 est
1623 342 1694 365 non
1731 334 1831 368 Ducis
1848 360 1858 377 ,

238 379 341 415 versis
383 379 586 415 nominibus
629 376 815 427 fignificari
858 376 996 412 consue·
1104 375 1157 411 sed
1188 376 1307 410 Vicani
1344 375 1453 411 titulo
1489 375 1602 411 rexit.
1639 381 1733 416 Tum
1771 385 1860 431 Cap,

238 429 324 465 visse
352 444 457 466 unum
488 430 649 477 idemque
678 441 825 464 munus.
853 429 900 462 Et
920 427 997 463 sane
1079 458 1081 462 ⁴
1110 439 1167 473 24.
1197 426 1293 461 addit
1321 429 1451 461 Μονῑιιο
1478 438 1594 472 quoque
1629 433 1713 473 apud
1750 436 1865 467 Forum

240 487 312 514 tam
351 481 426 515 Loci
460 480 681 515 servatoribus
716 492 820 526 quam
864 478 998 513 Vicariis
1080 478 1192 521 ¹sulii
1217 478 1356 518 Adone,
1384 491 1471 524 quem
1498 478 1678 511 dixeramus
1704 484 1776 515 Loci
1795 488 1867 517 Ser-

239 531 396 564 Comitum
424 531 613 566 austoritas
643 528 821 577 judicandi
843 527 996 564 confere·
1081 533 1082 559 1
1106 538 1246 562 vatorem
1268 526 1361 573 suiffe
1378 556 1388 572 ‚
1417 527 1588 571 ferdulfus
1626 531 1781 564 Dttcatum
1811 534 1867 576 su.

242 581 369 617 batur.
399 583 438 616 In
467 584 562 630 Lege
590 582 720 617 LXIX.
757 578 998 628 Langobardi·
1100 578 1218 624 scepit.
1254 579 1394 623 Quibus
1431 591 1474 613 ex
1512 577 1628 613 verbis
1664 579 1867 630 intelligis,

243 643 282 666 ca
319 631 440 667 Caroli
477 631 604 680 Magni
642 630 823 674 statuitur,
860 640 895 664 ut
930 640 1003 664 ante
1107 632 1304 663 Servatorem
1331 629 1407 663 Loci
1426 629 1641 676 appellatum
1664 628 1785 675 fuisse,
1807 633 1868 679 qui

243 682 381 716 Vicarios
418 683 509 716 nulla
544 682 719 716 criminalis
754 681 835 715 affiio
870 679 1001 725 dtfinia-
1045 678 1084 712 B*
1109 693 1171 727 pro
1198 679 1317 714 Comite
1344 688 1403 714 aut
1439 682 1526 714 Duce
1564 680 1737 726 Populum
1775 695 1869 729 rege.

242 741 325 775 ην,-
352 731 412 773 nist
437 734 564 767 tantiam
589 732 721 766 leviores
746 729 890 776 caussae,
926 744 1003 778 quae
1109 731 1189 773 bat,
1215 730 1316 778 eique
1339 729 1504 777 justitiam
1527 730 1764 766 ministrabat.
1787 735 1869 768 Non

240 783 336 826 facile
361 781 482 829 poffunt
504 782 671 828 judicari.
699 781 891 818 Lotharius
918 794 1002 829 quo·
1084 803 1087 837 ¹
1110 789 1246 828 poterat
1264 782 1440 815 interdum
1458 782 1587 816 Comes
1602 781 1758 817 Civitati
1773 784 1872 819 Prae-

244 845 312 879 que
340 835 367 867 I.
397 832 569 881 Augustus
596 835 691 880 Lege
719 835 798 868 LX.
825 831 1003 875 decernit,
1085 844 1087 858 2
1109 830 1218 866 fenus
1246 830 1400 866 sufficere
1427 839 1483 866 tot
1510 831 1635 866 litibus
1663 832 1867 876 audiendis,

244 894 280 917 ut
308 884 442 917 Comites
469 883 563 925 nostri
589 884 748 917 licentiam
783 882 918 916 habeam
955 883 1001 916 in-
1027 890 1031 947 ι
1085 879 1087 915 i
1110 890 1164 916 tot
1205 881 1358 929 negotiis
1395 880 1619 929 expediendis
1637 909 1645 917 .
1688 884 1868 920 Interdum

246 933 440 981 quinionem
472 933 571 978 facere
596 934 635 968 de
663 932 796 967 [sicariis
825 934 867 965 θ
893 940 1003 966 cente·
1028 953 1031 1001 ι
1085 931 1088 981 1
1110 945 1248 979 quoque
1277 932 1317 966 ad
1346 932 1538 967 exercitum
1558 960 1567 974 ,
1596 933 1636 967 ad
1667 934 1841 970 Palatium
1861 963 1871 980 ‚

244 985 368 1028 variis,
396 985 452 1031 qui
473 985 574 1031 magis
589 995 647 1031 per
665 984 890 1029 cupiditatem,
911 986 1004 1030 quim
1029 1004 1031 1019 s
1111 991 1214 1030 atque
1242 983 1313 1017 alio
1343 981 1516 1029 proficisci
1553 982 1615 1018 fibi
1654 996 1741 1030 opus
1777 995 1872 1021 erat.

242 1045 368 1080 propter
377 1034 729 1077 justitiamfizct'endam
739 1034 911 1079 saeprſjime
925 1036 1002 1068 Pla·

244 1083 308 1116 cita
335 1092 440 1115 tenent
467 1083 535 1116 &aa
564 1085 651 1117 Sunt
677 1084 711 1117 &
740 1084 828 1118 aliae
865 1085 976 1132 Leges
993 1111 1002 1127 ‚

245 1132 305 1168 ubi
332 1131 373 1167 de
402 1130 555 1167 vicariis
584 1130 625 1166 fit
662 1133 817 1168 mentio.
854 1137 1002 1168 Servato-

243 1196 290 1217 res
318 1192 433 1218 autem
462 1183 536 1216 Loci
562 1183 595 1216 8<
625 1181 715 1230 ipsos
754 1184 827 1230 jura
867 1185 1002 1232 Populo

243 1232 366 1268 dixiffe
384 1260 395 1277 ,
422 1232 512 1268 infra
539 1232 712 1267 ostendam
731 1259 739 1267 .
772 1234 898 1267 verum
929 1234 1002 1269 ani.

243 1283 438 1319 madvertas
467 1283 598 1327 velim,
635 1282 753 1318 haberi
781 1283 818 1319 in
850 1283 1000 1319 Chroni-

244 1348 285 1370 co
314 1333 536 1369 Vulturnenfi
568 1347 642 1381 pag.
670 1335 755 1380 446.
784 1335 824 1369 ad
854 1337 1000 1369 Annum
1029 1341 1031 1381 ᾖ,

243 1386 584 1420 DCCCCXLVIH.
615 1387 839 1433 Praeceptum
865 1385 1001 1420 Marini

244 1435 354 1471 Ducis
392 1435 649 1482 Neapolitani,
690 1435 727 1470 in
765 1449 835 1483 quo
872 1436 890 1470 ὲ
928 1436 1002 1470 Loci

1114 1033 1262 1070 Proinde
1291 1046 1377 1068 unus
1406 1032 1473 1068 five
1502 1034 1616 1081 plures
1643 1034 1734 1076 Juris
1765 1035 1872 1083 periti

1112 1093 1171 1118 aut
1208 1084 1226 1117 a
1265 1086 1386 1130 Rege,
1424 1091 1484 1117 aut
1525 1084 1567 1117 ab
1610 1083 1685 1130 ipso
1728 1087 1874 1122 Comite

1043 1134 1072 1168 C
1111 1133 1239 1169 deleffl
1275 1134 1309 1167 ἃ
1348 1132 1528 1167 constituti
1566 1143 1696 1177 erant,
1737 1135 1798 1183 qui
1837 1136 1874 1172 in

1119 1182 1315 1218 minoribus
1351 1182 1473 1217 saltem
1516 1182 1636 1218 cauffis
1672 1184 1725 1232 jus
1760 1186 1880 1223 redde.

1118 1242 1217 1274 rent,
1246 1234 1280 1268 &
1308 1233 1453 1268 comite
1480 1232 1653 1282 impedito
1681 1243 1741 1270 aut
1761 1236 1879 1272 absen-

1119 1293 1153 1318 te
1183 1284 1355 1331 Populum
1385 1284 1617 1332 gubernarent
1634 1311 1642 1319 .
1670 1287 1740 1320 Eos
1767 1287 1877 1323 etiam

1088 1282 1093 1398 ι
1119 1347 1384 1382 nonnumquam
1415 1334 1579 1370 mittebat
1604 1337 1733 1371 Comes
1754 1337 1794 1371 ad
1818 1340 1880 1373 Pa.

1088 1409 1091 1418 .
1118 1398 1179 1433 gos
1197 1412 1206 1428 ,
1245 1393 1284 1419 ut
1320 1384 1573 1433 perspicerent,
1602 1398 1644 1420 an
1672 1389 1878 1433 centenarii,

1117 1435 1317 1479 Sczvcldasciss
1354 1434 1487 1482 aliique
1523 1443 1622 1471 extra
1650 1437 1782 1472 Urbem
1812 1439 1880 1475 mi.

192 1498 194 1500 ·
242 1486 462 1521 Servatoribus
503 1485 667 1532 dist‘ngui
705 1485 869 1522 videntur
912 1488 1001 1520 Visa·
1118 1498 1217 1521 nores
1244 1484 1382 1528 Judices
1419 1485 1479 1521 suo
1515 1485 1637 1521 officio
1672 1487 1766 1523 recte
1801 1488 1880 1524 fun-

243 1536 306 1570 rii.
338 1536 387 1570 [bi
417 1535 511 1571 enim
541 1535 651 1570 sancit
669 1562 678 1576 ‚
707 1545 745 1570 ut
773 1537 790 1570 a
819 1535 927 1571 nullis
954 1539 1001 1570 E.
1118 1544 1305 1584 gerentur.
1342 1538 1457 1571 Immo
1498 1549 1618 1573 eorum
1647 1537 1753 1573 etiam
1783 1537 1878 1584 fuit,

246 1584 420 1618 xac‘lorihus
447 1585 577 1628 nostris,
614 1585 689 1626 idest
725 1586 798 1620 Loci
823 1587 1001 1621 servatori·
1028 1582 1073 1617 ¹D
1119 1599 1189 1621 non
1216 1588 1355 1622 tantum
1382 1586 1420 1622 in
1450 1587 1574 1635 Pagis,
1602 1586 1657 1623 sed
1684 1589 1718 1623 ὃ(
1747 1588 1783 1624 in
1812 1592 1880 1626 Ur-

244 1636 326 1678 bus,
353 1634 528 1677 Tribunis,
566 1635 701 1668 [sicariis
728 1637 794 1670 (9⁹5.
822 1637 880 1671 Ad
917 1636 1000 1672 haec
1120 1637 1220 1672 bibus
1249 1637 1385 1672 Placita
1413 1638 1606 1682 celebrare,
1635 1651 1674 1673 ac
1699 1639 1817 1675 audire
1844 1642 1879 1676 8<

245 1685 319 1720 veri
347 1684 454 1719 etiam
483 1683 594 1719 simile
622 1684 803 1728 videatur,
841 1687 1001 1719 Vtcecomi-
1119 1687 1283 1722 dirimere
1295 1688 1508 1734 Populorum
1522 1689 1880 1725 controverfias.1;oci

246 1745 291 1768 tes
317 1734 452 1769 eosdem
481 1733 579 1769 fuiss'e
616 1747 653 1769 ac
689 1738 870 1770 Servatores
905 1736 1000 1779 Loci,
1120 1739 1270 1770 sgr-vator
1299 1746 1502 1783 propterea,
1532 1747 1571 1773 ut
1597 1738 1695 1786 supra
1723 1739 1880 1776 vidimus

244 1793 320 1820 tum
348 1784 441 1832 quod
478 1783 617 1831 utrique
653 1784 748 1819 vices
784 1785 940 1820 Comitis
968 1799 1001 1820 a·
1120 1787 1317 1833 appellatus
1345 1787 1389 1821 est
1415 1786 1534 1832 Mtffus
1559 1789 1723 1822 Comitis:
1750 1802 1820 1836 quo
1847 1804 1883 1827 e.

244 1843 386 1884 gerent,
408 1843 483 1869 tum
506 1834 613 1870 etiam
635 1834 727 1881 quod
749 1835 903 1883 utrisque
926 1837 1000 1870 Pla·
1118 1835 1205 1871 tiam
1241 1836 1385 1872 nomine
1421 1837 1581 1873 eumdem
1617 1838 1725 1874 donat
1759 1841 1880 1877 Wala-

244 1885 315 1921 cita
340 1885 489 1929 habere,
518 1898 556 1919 ac
582 1884 747 1921 dirimere
783 1885 864 1921 lites
900 1885 1000 1921 fami-
1084 1878 1089 1929 Ι
1121 1886 1229 1922 fridus
1266 1887 1390 1922 Strabo
1418 1887 1453 1922 in
1482 1887 1594 1923 Libro
1623 1888 1663 1924 de
1693 1889 1777 1925 Reb.
1814 1891 1881 1927 Ec.

245 1935 330 1971 liare
357 1935 467 1971 foret.
504 1934 567 1970 Sed
604 1935 686 1971 huic
723 1935 913 1972 sententiae
940 1937 1001 1971 ob·
1120 1936 1198 1971 cles.
1227 1937 1315 1972 Dixi
1353 1937 1506 1973 delesios
1543 1939 1585 1973 ab
1622 1938 1696 1987 ipso
1733 1941 1880 1978 comite

244 1986 328 2030 stat,
357 1999 411 2021 me
439 1984 607 2033 nusquam
635 1986 793 2033 reperisse
821 1988 934 2034 plures
962 1986 1001 2021 sl·
1118 1986 1289 2034 ejusmodi
1325 1987 1450 2022 Mifl‘os
1479 1987 1547 2023 sive
1575 1988 1737 2025 vicarios
1774 1990 1877 2041 suos;

245 2038 319 2072 mul
357 2035 596 2072 Vicecomites
632 2035 692 2072 sub
729 2049 797 2072 uno
834 2037 1000 2082 Gemite,
1048 2040 1075 2074 E
1117 2037 1223 2084 idque
1250 2050 1293 2072 ex
1332 2037 1531 2085 conjeffiura
1569 2041 1731 2088 tantum3
1770 2054 1879 2089 quum

246 2099 355 2135 quum
383 2095 498 2122 tamen
526 2099 596 2123 non
632 2100 740 2123 unum
782 2090 1001 2124 Servatorem
1116 2087 1199 2123 illos
1227 2087 1432 2124 constituere
1457 2088 1600 2136 aequius
1620 2089 1661 2124 ad
1684 2091 1790 2139 Regis
1818 2106 1880 2141 po.

246 2136 338 2180 Loci
366 2137 486 2172 eodem
514 2147 670 2183 tempore
687 2165 697 2182 ‚
734 2147 838 2186 atque
874 2138 910 2174 in
947 2152 1002 2174 ea·
1116 2137 1273 2173 testatem
1294 2138 1507 2186 pertineret,
1534 2140 1568 2173 ὃ(
1597 2138 1746 2176 fortaffis
1773 2142 1823 2177 ita
1845 2142 1878 2178 se

246 2187 323 2222 dem
363 2187 456 2222 Urbe
492 2187 800 2237 deprehenderim,
838 2198 875 2224 ut
911 2188 1002 2224 infra
1117 2201 1168 2223 res
1189 2187 1440 2224 habuerit.Ex
1462 2189 1618 2237 antiquis
1639 2192 1879 2229 monumentis

244 2237 418 2273 ostendam
436 2263 443 2271 .
471 2238 576 2284 Quod
604 2248 737 2274 certum
766 2239 831 2283 est,
860 2239 1000 2275 illustris
1117 2251 1209 2274 nunc
1230 2238 1366 2285 aliquid
1388 2238 1476 2274 lucis
1498 2239 1579 2274 huic
1601 2250 1807 2288 argumento
1823 2256 1879 2278 ac-

245 2288 315 2324 fuit
342 2286 494 2336 dignitas
522 2288 690 2337 ejusmodi
711 2289 999 2338 Magistratuum.
1118 2288 1236 2324 cedat.
1261 2291 1290 2324 E
1319 2288 1512 2324 Tabulario
1539 2290 1703 2326 Lucenfis
1727 2292 1879 2329 Archie.

249 2338 390 2374 Paullus
425 2339 637 2375 warnefridi
674 2340 756 2377 Lib.
794 2342 827 2377 6.
855 2342 941 2388 Cap.
971 2353 1004 2388 3.
1120 2339 1267 2387 piscopii
1304 2339 1472 2375 Chartam
1501 2339 1723 2388 archetypam
1752 2342 1879 2380 descri-

247 2389 288 2425 de
315 2388 404 2424 Gest.
441 2390 699 2437 Langobardor.
734 2391 819 2427 haec
857 2391 1001 2427 scribit:
1119 2389 1189 2438 pfi3
1207 2389 1266 2425 ubi
1288 2390 1364 2424 Loci
1382 2393 1563 2424 servatores
1581 2391 1722 2437 quidam
1749 2406 1882 2430 memo.

250 2439 523 2484 forojulianorum
551 2443 707 2475 Ducatum
735 2441 940 2489 (Ansfrido
969 2442 1005 2477 in
1119 2451 1259 2483 rantur,
1288 2440 1324 2475 in
1352 2453 1500 2488 quorum
1529 2453 1653 2476 munus
1674 2443 1707 2477 &
1730 2443 1882 2481 auetori-

248 2489 399 2527 exilium
441 2489 549 2538 aeto)
586 2491 652 2538 post
685 2493 758 2527 haec
793 2494 871 2528 Aac
906 2492 1007 2536 frater
1034 2497 1036 2503 ⁸
1119 2501 1226 2527 tatem
1245 2490 1376 2527 1..εᾶοτ
1391 2504 1528 2528 mecum
1545 2491 1701 2540 inquirat
1715 2503 1881 2540 oportet.

1210 2542 1244 2578 K
1297 2553 1319 2576 2
1729 2543 1827 2588 judi-
