2185 3027
186 203 236 242 81

491 191 1000 239 DISSERTATIO
1062 189 1381 234 DECIMA:

1631 194 1684 234 82

126 283 150 300 ,‚
180 258 235 291 vel
276 253 583 298 contrarietatem,
630 255 687 289 vel
734 253 882 288 nostram
919 258 968 292 A·
994 251 1050 286 seu
1069 250 1225 292 scavini,
1251 251 1284 284 3<
1301 249 1629 297 Scabineiappellati
1647 251 1750 293 sunt,

125 333 150 350 ,‚
178 307 389 342 summissam
418 308 596 355 personam
617 304 655 339 in
676 303 881 339 contrascri-

125 383 150 400 ‚,
179 367 239 406 pto
267 371 305 393 ac
341 358 402 392 ubi
439 356 590 391 ubilibet
625 356 706 390 loco
732 353 881 398 fecerit,

126 434 150 452 „
179 407 403 456 composituri
439 420 502 443 nos
537 406 602 442 effe
639 405 881 453 promittimus

126 484 150 500 „
179 472 241 493 nos
273 458 417 505 predicii
444 456 616 493 Gerardus
637 457 670 491 δε
696 458 811 491 Racco
831 465 879 491 at-

126 534 151 551 „
179 522 246 555 que
273 509 390 544 Guido
418 507 596 556 germani,
625 519 692 542 una
720 520 799 542 cum
820 519 879 541 no·

127 585 151 602 ‚,
179 559 252 594 stris
289 558 374 594 filiis
410 560 444 593 &
465 558 663 593 ‘heredibus
685 584 694 599 ,
732 570 770 592 ac
806 556 907 604 ipso,

129 635 153 652 „
181 610 320 644 Abbate
348 610 389 644 de
424 608 526 655 ipsius
554 607 782 651 Monasterii,
816 606 882 642 sui-

127 686 152 703 „
181 659 261 707 sque
297 660 540 695 successoribus
568 659 609 694 de
636 657 794 693 denarios
823 659 881 692 bo-

130 736 154 754 „
181 723 244 745 nos
265 710 391 745 Libras
414 710 583 758 triginta:
613 710 646 743 &
668 708 755 743 hanc
783 708 881 756 ipon-

128 787 153 804 „
181 759 308 796 sionem
346 759 384 795 in
413 759 469 795 sua
502 768 699 807 permaneat
735 757 882 794 firmita-

130 837 154 854 „
183 819 237 845 te.
268 813 315 845 Et
342 810 404 856 ipse
431 810 525 855 Ursus
551 811 716 856 Presbyter
741 809 784 843 (9⁶
810 811 882 842 Mo-

130 862 245 894 nachar
279 871 372 907 atque
406 859 584 907 Prepofitus
615 861 735 906 pariter
771 872 883 893 mecum

125 911 264 957 predifr'o
292 911 476 945 Domlnicus
502 911 646 945 Tabellio
672 909 740 955 ejus
765 912 881 944 Advo-

129 972 212 995 cator
238 961 400 995 dixtmus:
427 988 450 1005 „
478 963 525 995 Et
552 974 614 995 nos
651 973 727 996 eam
761 961 805 995 fic
834 973 881 995 re-

129 1038 155 1055 „
184 1011 334 1058 cipimus
354 1012 387 1046 δε
415 1011 638 1059 deprecamur
658 1024 720 1046 vos
741 1024 884 1055 omnes,

129 1087 153 1103 „
181 1061 243 1105 qui
271 1061 337 1095 hoc
369 1061 497 1095 videtis
526 1061 565 1095 ad
595 1060 814 1108 profuturum
836 1071 882 1096 te-

129 1135 153 1152 „
181 1109 409 1144 stimonium.
449 1113 529 1143 Cum
569 1111 622 1144 hoc
655 1111 777 1154 fagum
819 1113 885 1154 est,

128 1169 202 1194 tunc
228 1158 312 1200 mrstt
347 1162 487 1193 Domnus
522 1160 682 1194 oldericus
717 1162 884 1195 Subdiaco-

130 1222 189 1245 nus
215 1210 259 1244 Θ·
284 1208 400 1255 Miffus
435 1209 554 1244 Domni
588 1212 787 1256 Imperatoris
821 1225 887 1245 cum

127 1260 267 1307 prediflo
307 1263 447 1295 Domnus
489 1261 635 1293 Erardus
669 1266 777 1294 Comes
810 1263 885 1295 ban-

131 1311 205 1343 dum
237 1309 329 1357 fieper
353 1321 445 1357 caput
481 1309 576 1356 ipstus
604 1310 698 1355 Ursus
732 1312 889 1345 Presbiter

131 1363 175 1393 (J
200 1361 375 1395 Monachus
401 1374 466 1395 cum
490 1361 630 1407 predifr'o
657 1362 859 1396 Advocatore
876 1389 886 1405 ,

132 1420 168 1444 :zt
194 1411 301 1444 nullus
328 1412 414 1445 homo
447 1411 491 1452 fit
517 1411 611 1455 ausus
647 1411 730 1458 ipsas
765 1425 812 1445 res
839 1412 884 1445 in-

131 1463 223 1495 troire
249 1472 306 1496 aut
342 1462 510 1505 invadire,
544 1462 599 1495 vel
634 1461 734 1508 ipsum
769 1465 885 1496 Mona-

125 1511 254 1553 sterium
279 1512 462 1556 disvestire,
497 1522 555 1546 aut
590 1513 723 1554 nostrum
749 1514 887 1547 bandum

128 1561 326 1607 confrangere
344 1562 416 1602 fine
450 1562 550 1608 legali
579 1561 722 1607 judicio.
758 1566 806 1596 Et
833 1563 887 1608 qui

130 1611 182 1645 hoc
215 1611 347 1653 fecerit,
377 1612 460 1654 sciat
489 1612 524 1655 fh
561 1612 791 1658 compositurum
827 1613 884 1647 Bi-

132 1670 260 1705 εζαηΐεος
287 1673 392 1694 aureos
426 1671 566 1702 centum,
602 1663 798 1695 medietatem
824 1667 884 1696 Ca.

132 1723 209 1743 mere
236 1712 353 1753 nostre,
392 1710 434 1744 (9¹
460 1711 655 1744 medietatem
681 1712 794 1744 habeat
817 1722 885 1756 pre-

129 1759 248 1793 diHum
276 1760 504 1801 Manasterium
531 1760 563 1792 in
587 1770 788 1805 perpetuum.
824 1763 888 1793 Hoc

123 1809 246 1854 faHum
273 1810 315 1851 est
344 1809 407 1853 sub
442 1810 494 1844 die
521 1811 564 1843 ἴθ’
590 1810 701 1853 Mense
728 1811 771 1842 ὅ*
798 1810 888 1844 Indi.

130 1859 228 1894 &ione
252 1859 395 1907 predifr'a
420 1860 620 1902 duodecima,
648 1860 793 1894 civitate
812 1863 887 1893 Cor-

130 1910 279 1954 nelienfi,
304 1909 400 1953 juxta
426 1909 654 1951 Monafterium
673 1909 786 1944 Sanfle
809 1913 886 1944 Ma.

131 1960 195 2003 rie,
223 1962 303 2007 quod
329 1970 458 1994 vocatur
485 1960 517 1993 in
545 1961 697 2005 Regula.
725 1972 727 1975 ’

179 2011 345 2045 Odalricus
361 2010 574 2045 subdiaconus
590 2011 632 2043 (θ’
652 2009 769 2053 Missus
789 2013 886 2044 Dom-

926 721 952 753 Β

928 1176 958 1210 C

131 2060 167 2095 m’
191 2062 315 2095 ottonis
342 2061 540 2106 Imperatoris
559 2061 614 2094 ha:
634 2061 818 2104 refutatione
838 2061 886 2095 in·
928 2073 955 2105 Ε

130 2110 225 2154 terfui
254 2113 296 2145 (9-
315 2111 500 2158 subscripsi.

182 2163 224 2204 ἐξ(-
251 2161 385 2207 Signum
425 2175 557 2209 magnus
593 2161 728 2208 predicfli
769 2161 889 2197 Domm'

128 2212 274 2246 Erardus
300 2215 432 2248 Comes.

181 2262 245 2297 Sed
273 2271 407 2309 praeter
441 2261 606 2298 haEienus
635 2275 887 2298 commemora-

127 2319 206 2356 tos,
244 2312 382 2360 propria
410 2313 648 2361 appellatione
666 2317 696 2358 J
700 2314 801 2347 udices
828 2326 885 2361 ap-

130 2364 306 2411 pellatos,
343 2361 411 2398 fuit
447 2364 594 2400 alterum
631 2363 791 2407 Judicum
830 2377 885 2412 ge·

130 2426 217 2458 nus,
245 2413 307 2461 qui
334 2413 368 2447 &
394 2412 457 2461 ipsi
485 2414 653 2458 PlacitiS,
686 2413 754 2450 five
788 2413 885 2457 Judi-

129 2464 194 2500 tiis
221 2463 437 2506 intererant,
474 2465 507 2499 δ(
536 2464 700 2513 potestate
726 2465 884 2514 judican-

127 2514 165 2552 di
192 2515 229 2552 in
257 2513 479 2551 Civitatibus
504 2514 725 2552 fruebantur.
753 2514 885 2550 Scabini

229 2569 317 2603 Tam.
345 2567 389 2601 ΙΙ.

993 313 1182 348 eorumque
1202 311 1330 334 nomen
1345 300 1379 333 ὃς
1398 312 1520 335 munus
1542 301 1651 336 adhuc
1674 314 1749 348 per·

994 352 1095 386 durat
1122 352 1159 386 in
1187 349 1329 392 Gallia,
1357 350 1564 393 Germania,
1601 351 1748 397 aliisque

995 405 1153 450 Europae
1173 400 1396 447 regionibu8‚
1417 398 1472 433 sed
1493 400 1620 435 minori
1642 403 1748 448 quam

996 453 1084 488 olim
1113 451 1344 493 aucioritate,
1373 458 1411 484 ut
1438 448 1528 483 infra
1557 451 1748 486 constabit.

998 504 1065 539 Sub
1093 501 1404 550 Langobardorum
1435 498 1587 546 Regibus
1617 499 1653 533 in
1682 503 1752 535 Ita-

997 554 1046 589 lia
1081 554 1217 588 nullum
1262 551 1351 586 mihi
1393 549 1558 584 hafienus
1598 550 1752 584 occurrit

999 618 1116 640 eorum
1147 602 1352 651 vestigium,
1390 600 1440 635 ita
1469 609 1506 634 ut
1534 598 1609 634 veri
1637 599 1757 634 videa-

1000 665 1056 690 tur
1097 654 1228 696 fimilc,
1269 653 1287 686 a
1325 655 1538 686 Francorum
1577 658 1680 698 gente
1716 663 1754 684 ac

1001 704 1153 753 Regibus
1184 702 1363 738 inve<9mm
1402 701 1500 735 fuiffe
1537 700 1574 735 in
1612 699 1754 735 Italicas

1002 757 1112 791 Urbes
1154 753 1325 802 ejusmodi
1365 764 1493 786 nomen
1527 764 1566 785 ac
1603 749 1757 785 ministe-

1001 807 1113 842 rium.
1141 805 1298 850 Judices,
1335 815 1407 850 quos
1441 801 1591 836 scabinos
1616 811 1756 843 vocant,

1002 856 1130 904 legitur
1157 855 1194 890 in
1223 854 1354 890 Charta
1382 851 1482 888 Anni
1522 853 1756 887 DCCCXVI.

1002 908 1019 941 a
1049 905 1226 954 Bignonio
1262 904 1356 939 edita
1395 903 1432 938 in
1470 903 1578 938 Notis
1614 901 1655 936 ad
1683 903 1760 950 Ap-

1004 957 1137 1005 pendic.
1165 953 1351 990 Marculfi.
1381 953 1549 989 Nominis
1577 961 1693 987 autem
1721 965 1760 986 o-

1002 1007 1106 1055 rigo,
1143 1006 1234 1041 inter
1270 1004 1436 1039 Eruditos
1472 1003 1672 1050 disputata,
1701 1001 1760 1037 ad-

1002 1057 1069 1092 huc
1098 1057 1142 1092 est
1171 1055 1230 1090 sub
1255 1055 1389 1104 judice.
1419 1052 1612 1088 Praefertur
1632 1053 1650 1087 ὲ
1672 1066 1759 1088 non-

1003 1106 1111 1142 nullis
1147 1105 1318 1141 sententia
1354 1103 1466 1151 Lipfii
1493 1104 1526 1137 8<
1554 1102 1667 1137 Voffii
1704 1103 1762 1137 de-

1003 1157 1206 1193 ducentium
1234 1155 1324 1189 hanc
1350 1166 1473 1188 vocem
1502 1154 1520 1186 a
1547 1152 1760 1188 Germanico

1003 1209 1159 1253 schepen,
1187 1206 1317 1250 Judex.
1353 1205 1399 1238 Et
1435 1203 1580 1238 illorum
1617 1202 1760 1250 quidem

1004 1257 1163 1305 frequens
1191 1254 1327 1290 mentio
1355 1253 1509 1288 occurrit
1546 1253 1584 1288 in
1612 1253 1763 1301 Capitu-

1004 1307 1134 1342 laribus
1171 1308 1306 1354 Regum
1344 1307 1579 1347 Francorum,
1607 1303 1764 1351 Legibu-

1004 1358 1084 1405 sque
1112 1371 1171 1405 per
1198 1370 1254 1392 eos
1283 1354 1411 1390 additis
1449 1354 1762 1402 Langobardorum

1003 1408 1152 1443 Edifiio.
1193 1408 1342 1442 Carolus
1388 1407 1540 1453 Magnus
1585 1404 1624 1439 in
1665 1406 1761 1452 Lege

1005 1461 1117 1495 XLV.
1144 1458 1237 1493 inter
1264 1455 1568 1504 Langobardicas‚
1597 1468 1699 1503 agens
1719 1455 1761 1490 de

1003 1509 1048 1544 iis
1075 1507 1279 1544 hominibus
1296 1534 1306 1551 ‚
1343 1507 1398 1553 qui
1420 1515 1546 1553 propter
1571 1518 1672 1539 eorum
1699 1506 1764 1539 cul-

1000 1571 1075 1606 pam
1093 1563 1136 1594 ad
1163 1569 1289 1592 mortem
1312 1557 1434 1601 fuerint
1454 1555 1618 1601 judicati,
1647 1556 1690 1588 (9'
1709 1568 1763 1604 po-

929 1631 959 1663 D
995 1611 1064 1652 flea
1099 1609 1173 1644 vita
1199 1609 1244 1643 eis
1269 1605 1399 1652 conceffa
1429 1606 1552 1650 fuerit,
1589 1605 1674 1641 haec
1702 1606 1764 1641 ha-

1004 1661 1081 1696 bet:
1119 1660 1184 1694 Sed
1210 1659 1244 1694 in
1280 1658 1487 1700 testimonium
1513 1670 1573 1692 non
1610 1657 1764 1703 recJ'pt'an-

1002 1722 1073 1752 tur,
1101 1724 1153 1744 nec
1180 1709 1261 1743 inter
1286 1709 1437 1742 Scabinos
1463 1709 1506 1742 ad
1532 1711 1646 1754 Legem
1668 1706 1764 1752 judi.

1004 1760 1135 1792 candum
1155 1760 1252 1792 locum
1273 1768 1419 1792 teneant.
1448 1757 1663 1803 Subsequens
1683 1759 1762 1793 Lex

1006 1809 1137 1843 XLVI.
1164 1807 1351 1842 exordium
1378 1807 1444 1841 hoc
1472 1806 1641 1853 praefert.
1668 1807 1708 1840 si
1726 1821 1762 1840 a-

1003 1858 1079 1892 licui
1115 1857 1235 1892 homs'ni
1264 1856 1333 1903 post
1365 1856 1520 1900 judicium
1559 1856 1763 1890 scabinorum

998 1908 1098 1951 fuerit
1122 1908 1196 1942 vita
1222 1904 1350 1952 concessa
1372 1907 1438 1940 &a
1467 1906 1647 1941 Habemus
1676 1920 1762 1955 ergo

1003 1958 1170 1993 Scabinos
1197 1957 1286 1992 olim
1315 1957 1356 1991 ad
1387 1956 1518 2003 judicia
1548 1957 1676 2004 Populi
1704 1957 1764 1992 ad-

1003 2007 1130 2052 scitos,
1158 2009 1191 2042 8<
1214 2007 1311 2042 tanta
1338 2006 1480 2054 quidem
1508 2006 1694 2051 facultate,
1723 2015 1762 2043 ut

1002 2072 1044 2093 ex
1072 2071 1193 2094 eorum
1230 2056 1364 2106 judicio
1393 2069 1486 2091 mors
1518 2056 1693 2092 interdum
1723 2071 1763 2092 ac

1002 2109 1078 2144 vita
1105 2108 1291 2144 hominum
1329 2106 1516 2155 penderet.
1552 2107 1616 2143 Sed
1653 2108 1763 2155 quod-

1002 2172 1082 2193 nam
1124 2157 1250 2206 quaeso
1291 2157 1490 2192 discrimen,
1523 2157 1763 2193 intercedebat

1002 2209 1096 2245 inter
1123 2207 1224 2243 hosce
1250 2221 1290 2243 ae
1327 2206 1426 2255 supra
1453 2216 1666 2242 memoratos
1693 2211 1763 2252 Ju-

1001 2260 1111 2294 dires?
1145 2258 1178 2294 Si
1207 2256 1423 2294 doffiffimos
1451 2257 1546 2292 viros
1575 2256 1760 2302 Voffium,

1003 2307 1252 2358 Du-Cangium
1267 2336 1276 2352 ‚
1292 2307 1505 2356 Bignonium
1519 2335 1529 2350 ‚
1544 2307 1735 2343 Eccardum
1750 2335 1761 2352 ‚

1003 2360 1158 2408 aliosque
1195 2359 1376 2400 audimus,
1419 2357 1558 2392 Scabini
1594 2357 1761 2404 Affiffbres

1002 2411 1180 2453 Comitum,
1222 2409 1395 2445 Auditores
1440 2408 1598 2442 Comitum
1645 2407 1763 2453 fuere,

1002 2475 1041 2497 ae
1069 2470 1249 2508 propterea
1277 2459 1387 2495 iidem
1415 2457 1476 2506 qui
1504 2471 1615 2507 nuper
1642 2458 1763 2494 lauda-

1001 2511 1032 2548 ti
1058 2511 1217 2556 Judices.
1254 2512 1294 2545 In
1323 2509 1549 2546 chartulario
1586 2508 1760 2546 Besuenfis

1126 2564 1151 2596 F
1576 2560 1708 2595 Mona-
