<?xml version="1.0" encoding="UTF-8"?>
<!DOCTYPE html PUBLIC "-//W3C//DTD XHTML 1.0 Transitional//EN"
    "http://www.w3.org/TR/xhtml1/DTD/xhtml1-transitional.dtd">
<html xmlns="http://www.w3.org/1999/xhtml" xml:lang="en" lang="en">
 <head>
  <title>
</title>
<meta http-equiv="Content-Type" content="text/html;charset=utf-8" />
  <meta name='ocr-system' content='tesseract 3.04.00' />
  <meta name='ocr-capabilities' content='ocr_page ocr_carea ocr_par ocr_line ocrx_word'/>
</head>
<body>
  <div class='ocr_page' id='page_1' title='image "antiquitatesital02mura_0381.png"; bbox 0 0 2185 3027; ppageno 0'>
   <div class='ocr_carea' id='block_1_1' title="bbox 290 240 373 282">
    <p class='ocr_par' dir='ltr' id='par_1_1' title="bbox 290 240 373 282">
     <span class='ocr_line' id='line_1_1' title="bbox 290 240 373 282; baseline -0.024 0"><span class='ocrx_word' id='word_1_1' title='bbox 290 240 373 282; x_wconf 84' lang='lat'>733</span> 
     </span>
    </p>
   </div>
   <div class='ocr_carea' id='block_1_2' title="bbox 583 220 1507 278">
    <p class='ocr_par' dir='ltr' id='par_1_2' title="bbox 583 220 1507 278">
     <span class='ocr_line' id='line_1_2' title="bbox 583 220 1507 278; baseline -0.001 -13"><span class='ocrx_word' id='word_1_2' title='bbox 583 222 625 265; x_wconf 91' lang='lat' dir='ltr'><strong>D</strong></span> <span class='ocrx_word' id='word_1_3' title='bbox 637 220 950 262; x_wconf 70' lang='lat' dir='ltr'><em>JSSERTATJO</em></span> <span class='ocrx_word' id='word_1_4' title='bbox 993 220 1483 278; x_wconf 62' lang='lat' dir='ltr'><em>‚QHNCTADLCJMA</em></span> <span class='ocrx_word' id='word_1_5' title='bbox 1497 253 1507 264; x_wconf 87' lang='lat'>.</span> 
     </span>
    </p>
   </div>
   <div class='ocr_carea' id='block_1_3' title="bbox 1712 244 1798 287">
    <p class='ocr_par' dir='ltr' id='par_1_3' title="bbox 1712 244 1798 287">
     <span class='ocr_line' id='line_1_3' title="bbox 1712 244 1798 287; baseline -0.023 0"><span class='ocrx_word' id='word_1_6' title='bbox 1712 244 1798 287; x_wconf 78' lang='lat'>734</span> 
     </span>
    </p>
   </div>
   <div class='ocr_carea' id='block_1_4' title="bbox 227 280 1855 336">
    <p class='ocr_par' dir='ltr' id='par_1_4' title="bbox 227 280 1855 336">
     <span class='ocr_line' id='line_1_4' title="bbox 227 280 1855 336; baseline -0.004 -17"><span class='ocrx_word' id='word_1_7' title='bbox 227 297 320 320; x_wconf 87' lang='lat' dir='ltr'>mem</span> <span class='ocrx_word' id='word_1_8' title='bbox 349 293 433 319; x_wconf 89' lang='lat' dir='ltr'>tunc</span> <span class='ocrx_word' id='word_1_9' title='bbox 459 281 569 318; x_wconf 90' lang='lat' dir='ltr'>visam</span> <span class='ocrx_word' id='word_1_10' title='bbox 598 280 696 317; x_wconf 78' lang='lat' dir='ltr'>fuiffe</span> <span class='ocrx_word' id='word_1_11' title='bbox 722 280 883 316; x_wconf 87' lang='lat' dir='ltr'>omnium</span> <span class='ocrx_word' id='word_1_12' title='bbox 909 282 986 316; x_wconf 86' lang='lat' dir='ltr'>Ser-</span> <span class='ocrx_word' id='word_1_13' title='bbox 1029 283 1062 316; x_wconf 93' lang='lat' dir='ltr'>A</span> <span class='ocrx_word' id='word_1_14' title='bbox 1096 290 1293 327; x_wconf 77' lang='lat' dir='ltr'>procreatus,</span> <span class='ocrx_word' id='word_1_15' title='bbox 1331 281 1386 314; x_wconf 80' lang='lat' dir='ltr'>vel</span> <span class='ocrx_word' id='word_1_16' title='bbox 1414 290 1529 318; x_wconf 76' lang='lat' dir='ltr'>natus,</span> <span class='ocrx_word' id='word_1_17' title='bbox 1570 295 1634 315; x_wconf 79' lang='lat' dir='ltr'>cum</span> <span class='ocrx_word' id='word_1_18' title='bbox 1660 290 1740 322; x_wconf 84' lang='lat' dir='ltr'>omni</span> <span class='ocrx_word' id='word_1_19' title='bbox 1765 302 1855 336; x_wconf 75' lang='lat' dir='ltr'>pecu-</span> 
     </span>
    </p>
   </div>
   <div class='ocr_carea' id='block_1_5' title="bbox 225 331 992 1391">
    <p class='ocr_par' dir='ltr' id='par_1_5' title="bbox 225 331 987 685">
     <span class='ocr_line' id='line_1_5' title="bbox 226 331 985 380; baseline -0.005 -10"><span class='ocrx_word' id='word_1_20' title='bbox 226 347 350 370; x_wconf 89' lang='lat' dir='ltr'>vorum</span> <span class='ocrx_word' id='word_1_21' title='bbox 382 331 713 374; x_wconf 78' lang='lat' dir='ltr'>Manumiffionem,</span> <span class='ocrx_word' id='word_1_22' title='bbox 756 332 895 380; x_wconf 86' lang='lat' dir='ltr'>quoties</span> <span class='ocrx_word' id='word_1_23' title='bbox 936 340 985 366; x_wconf 90' lang='lat' dir='ltr'>te·</span> 
     </span>
     <span class='ocr_line' id='line_1_6' title="bbox 225 381 985 432; baseline -0.005 -11"><span class='ocrx_word' id='word_1_24' title='bbox 225 385 331 421; x_wconf 86' lang='lat' dir='ltr'>stator</span> <span class='ocrx_word' id='word_1_25' title='bbox 357 383 451 420; x_wconf 86' lang='lat' dir='ltr'>filios</span> <span class='ocrx_word' id='word_1_26' title='bbox 471 383 541 432; x_wconf 91' lang='lat' dir='ltr'>post</span> <span class='ocrx_word' id='word_1_27' title='bbox 566 382 598 418; x_wconf 92' lang='lat' dir='ltr'>se</span> <span class='ocrx_word' id='word_1_28' title='bbox 618 383 859 430; x_wconf 83' lang='lat' dir='ltr'>relinquebat:</span> <span class='ocrx_word' id='word_1_29' title='bbox 891 381 985 417; x_wconf 91' lang='lat' dir='ltr'>ideo-</span> 
     </span>
     <span class='ocr_line' id='line_1_7' title="bbox 227 433 986 484; baseline -0.005 -12"><span class='ocrx_word' id='word_1_30' title='bbox 227 449 295 484; x_wconf 87' lang='lat' dir='ltr'>que</span> <span class='ocrx_word' id='word_1_31' title='bbox 315 435 539 471; x_wconf 71' lang='lat' dir='ltr'>constitu*um</span> <span class='ocrx_word' id='word_1_32' title='bbox 563 433 682 476; x_wconf 73' lang='lat' dir='ltr'>fuisse,</span> <span class='ocrx_word' id='word_1_33' title='bbox 711 444 750 469; x_wconf 99' lang='grc' dir='ltr'>υτ</span> <span class='ocrx_word' id='word_1_34' title='bbox 773 446 894 470; x_wconf 89' lang='lat' dir='ltr'>eorum</span> <span class='ocrx_word' id='word_1_35' title='bbox 919 442 986 468; x_wconf 89' lang='lat' dir='ltr'>ter·</span> 
     </span>
     <span class='ocr_line' id='line_1_8' title="bbox 226 484 987 534; baseline -0.004 -12"><span class='ocrx_word' id='word_1_36' title='bbox 226 486 280 522; x_wconf 82' lang='lat' dir='ltr'>tia</span> <span class='ocrx_word' id='word_1_37' title='bbox 307 499 384 534; x_wconf 85' lang='lat' dir='ltr'>pars</span> <span class='ocrx_word' id='word_1_38' title='bbox 419 485 505 521; x_wconf 86' lang='lat' dir='ltr'>filiis</span> <span class='ocrx_word' id='word_1_39' title='bbox 541 484 675 520; x_wconf 62' lang='lat' dir='ltr'>intaeta</span> <span class='ocrx_word' id='word_1_40' title='bbox 712 484 987 532; x_wconf 83' lang='lat' dir='ltr'>relinqueretur.</span> 
     </span>
     <span class='ocr_line' id='line_1_9' title="bbox 226 535 987 584; baseline -0.004 -12"><span class='ocrx_word' id='word_1_41' title='bbox 226 537 282 572; x_wconf 89' lang='lat' dir='ltr'>Ita</span> <span class='ocrx_word' id='word_1_42' title='bbox 309 549 449 584; x_wconf 83' lang='lat' dir='ltr'>quoque</span> <span class='ocrx_word' id='word_1_43' title='bbox 477 535 633 571; x_wconf 87' lang='lat' dir='ltr'>eamdem</span> <span class='ocrx_word' id='word_1_44' title='bbox 662 538 794 584; x_wconf 83' lang='lat' dir='ltr'>Legem</span> <span class='ocrx_word' id='word_1_45' title='bbox 816 535 987 583; x_wconf 89' lang='lat' dir='ltr'>interpre—</span> 
     </span>
     <span class='ocr_line' id='line_1_10' title="bbox 227 586 986 634; baseline -0.003 -12"><span class='ocrx_word' id='word_1_46' title='bbox 227 596 321 622; x_wconf 88' lang='lat' dir='ltr'>tatus</span> <span class='ocrx_word' id='word_1_47' title='bbox 349 586 393 622; x_wconf 89' lang='lat' dir='ltr'>est</span> <span class='ocrx_word' id='word_1_48' title='bbox 429 587 578 621; x_wconf 83' lang='lat' dir='ltr'>Carolus</span> <span class='ocrx_word' id='word_1_49' title='bbox 615 586 656 621; x_wconf 91' lang='lat' dir='ltr'>de</span> <span class='ocrx_word' id='word_1_50' title='bbox 696 588 820 621; x_wconf 82' lang='lat' dir='ltr'>&#39;socco</span> <span class='ocrx_word' id='word_1_51' title='bbox 847 588 986 634; x_wconf 85' lang='lat' dir='ltr'>Lango-</span> 
     </span>
     <span class='ocr_line' id='line_1_11' title="bbox 228 635 986 685; baseline -0.001 -13"><span class='ocrx_word' id='word_1_52' title='bbox 228 636 447 673; x_wconf 86' lang='lat' dir='ltr'>bardicarum</span> <span class='ocrx_word' id='word_1_53' title='bbox 465 639 600 685; x_wconf 84' lang='lat' dir='ltr'>Legum</span> <span class='ocrx_word' id='word_1_54' title='bbox 618 635 769 672; x_wconf 90' lang='lat' dir='ltr'>vetustus</span> <span class='ocrx_word' id='word_1_55' title='bbox 793 638 965 684; x_wconf 87' lang='lat' dir='ltr'>Interpres</span> <span class='ocrx_word' id='word_1_56' title='bbox 978 663 986 671; x_wconf 92' lang='lat'>.</span> 
     </span>
    </p>

    <p class='ocr_par' dir='ltr' id='par_1_6' title="bbox 227 686 992 1391">
     <span class='ocr_line' id='line_1_12' title="bbox 279 686 988 735; baseline -0.001 -12"><span class='ocrx_word' id='word_1_57' title='bbox 279 689 447 723; x_wconf 88' lang='lat' dir='ltr'>Ceterum</span> <span class='ocrx_word' id='word_1_58' title='bbox 476 686 625 722; x_wconf 88' lang='lat' dir='ltr'>minime</span> <span class='ocrx_word' id='word_1_59' title='bbox 665 686 893 735; x_wconf 87' lang='lat' dir='ltr'>cogitandum</span> <span class='ocrx_word' id='word_1_60' title='bbox 922 687 988 730; x_wconf 87' lang='lat' dir='ltr'>est,</span> 
     </span>
     <span class='ocr_line' id='line_1_13' title="bbox 229 737 988 786; baseline -0.001 -12"><span class='ocrx_word' id='word_1_61' title='bbox 229 737 345 774; x_wconf 88' lang='lat' dir='ltr'>Servis</span> <span class='ocrx_word' id='word_1_62' title='bbox 373 751 583 786; x_wconf 87' lang='lat' dir='ltr'>quamquam</span> <span class='ocrx_word' id='word_1_63' title='bbox 613 737 829 773; x_wconf 87' lang='lat' dir='ltr'>manumiffis</span> <span class='ocrx_word' id='word_1_64' title='bbox 850 739 988 779; x_wconf 84' lang='lat' dir='ltr'>plenam</span> 
     </span>
     <span class='ocr_line' id='line_1_14' title="bbox 228 788 989 837; baseline 0 -13"><span class='ocrx_word' id='word_1_65' title='bbox 228 789 382 837; x_wconf 80' lang='lat' dir='ltr'>semper,</span> <span class='ocrx_word' id='word_1_66' title='bbox 420 788 733 835; x_wconf 81' lang='lat' dir='ltr'>omnimodamque</span> <span class='ocrx_word' id='word_1_67' title='bbox 768 788 989 824; x_wconf 83' lang='lat' dir='ltr'>Libertatem</span> 
     </span>
     <span class='ocr_line' id='line_1_15' title="bbox 230 838 988 888; baseline -0.001 -13"><span class='ocrx_word' id='word_1_68' title='bbox 230 838 435 887; x_wconf 75' lang='lat' dir='ltr'>contigisse.</span> <span class='ocrx_word' id='word_1_69' title='bbox 472 840 565 874; x_wconf 88' lang='lat' dir='ltr'>Nam</span> <span class='ocrx_word' id='word_1_70' title='bbox 602 839 635 874; x_wconf 78' lang='lat'>8&lt;</span> <span class='ocrx_word' id='word_1_71' title='bbox 664 852 707 875; x_wconf 87' lang='lat' dir='ltr'>ex</span> <span class='ocrx_word' id='word_1_72' title='bbox 735 839 884 888; x_wconf 80' lang='lat' dir='ltr'>antiquo</span> <span class='ocrx_word' id='word_1_73' title='bbox 921 843 988 875; x_wconf 92' lang='lat' dir='ltr'>Ro-</span> 
     </span>
     <span class='ocr_line' id='line_1_16' title="bbox 230 889 989 938; baseline 0.003 -14"><span class='ocrx_word' id='word_1_74' title='bbox 230 902 414 925; x_wconf 87' lang='lat' dir='ltr'>manorum</span> <span class='ocrx_word' id='word_1_75' title='bbox 442 889 517 938; x_wconf 88' lang='lat' dir='ltr'>jure</span> <span class='ocrx_word' id='word_1_76' title='bbox 552 889 603 924; x_wconf 88' lang='lat' dir='ltr'>ita</span> <span class='ocrx_word' id='word_1_77' title='bbox 630 889 729 925; x_wconf 86' lang='lat' dir='ltr'>Servi</span> <span class='ocrx_word' id='word_1_78' title='bbox 766 889 889 926; x_wconf 86' lang='lat' dir='ltr'>Liberi</span> <span class='ocrx_word' id='word_1_79' title='bbox 917 890 989 926; x_wconf 80' lang='lat' dir='ltr'>effi-</span> 
     </span>
     <span class='ocr_line' id='line_1_17' title="bbox 231 939 990 987; baseline 0.003 -13"><span class='ocrx_word' id='word_1_80' title='bbox 231 939 435 979; x_wconf 77' lang='lat' dir='ltr'>ciebantur.</span> <span class='ocrx_word' id='word_1_81' title='bbox 472 948 511 974; x_wconf 89' lang='lat' dir='ltr'>ut</span> <span class='ocrx_word' id='word_1_82' title='bbox 539 939 675 987; x_wconf 89' lang='lat' dir='ltr'>aliquid</span> <span class='ocrx_word' id='word_1_83' title='bbox 703 940 925 976; x_wconf 60' lang='lat' dir='ltr'>auffloritatis</span> <span class='ocrx_word' id='word_1_84' title='bbox 953 941 990 976; x_wconf 90' lang='lat' dir='ltr'>in</span> 
     </span>
     <span class='ocr_line' id='line_1_18' title="bbox 229 989 992 1028; baseline 0.004 -3"><span class='ocrx_word' id='word_1_85' title='bbox 229 989 314 1025; x_wconf 88' lang='lat' dir='ltr'>illos</span> <span class='ocrx_word' id='word_1_86' title='bbox 341 989 452 1025; x_wconf 85' lang='lat' dir='ltr'>adhue</span> <span class='ocrx_word' id='word_1_87' title='bbox 479 990 516 1025; x_wconf 89' lang='lat' dir='ltr'>in</span> <span class='ocrx_word' id='word_1_88' title='bbox 545 990 820 1027; x_wconf 87' lang='lat' dir='ltr'>manumittente</span> <span class='ocrx_word' id='word_1_89' title='bbox 840 991 992 1028; x_wconf 84' lang='lat' dir='ltr'>servare-</span> 
     </span>
     <span class='ocr_line' id='line_1_19' title="bbox 229 1039 990 1089; baseline 0.004 -14"><span class='ocrx_word' id='word_1_90' title='bbox 229 1049 306 1076; x_wconf 85' lang='lat' dir='ltr'>tur.</span> <span class='ocrx_word' id='word_1_91' title='bbox 338 1040 395 1074; x_wconf 85' lang='lat' dir='ltr'>Ad</span> <span class='ocrx_word' id='word_1_92' title='bbox 422 1039 505 1075; x_wconf 87' lang='lat' dir='ltr'>haec</span> <span class='ocrx_word' id='word_1_93' title='bbox 533 1051 652 1084; x_wconf 86' lang='lat' dir='ltr'>erant,</span> <span class='ocrx_word' id='word_1_94' title='bbox 680 1041 742 1089; x_wconf 88' lang='lat' dir='ltr'>qui</span> <span class='ocrx_word' id='word_1_95' title='bbox 770 1042 879 1077; x_wconf 89' lang='lat' dir='ltr'>variis</span> <span class='ocrx_word' id='word_1_96' title='bbox 907 1056 990 1078; x_wconf 88' lang='lat' dir='ltr'>con-</span> 
     </span>
     <span class='ocr_line' id='line_1_20' title="bbox 229 1090 990 1133; baseline 0.007 -9"><span class='ocrx_word' id='word_1_97' title='bbox 229 1090 448 1133; x_wconf 85' lang='lat' dir='ltr'>ditionibus,</span> <span class='ocrx_word' id='word_1_98' title='bbox 487 1104 527 1125; x_wconf 89' lang='lat' dir='ltr'>ac</span> <span class='ocrx_word' id='word_1_99' title='bbox 563 1092 727 1128; x_wconf 86' lang='lat' dir='ltr'>oneribus</span> <span class='ocrx_word' id='word_1_100' title='bbox 764 1094 990 1129; x_wconf 83' lang='lat' dir='ltr'>manumiffos</span> 
     </span>
     <span class='ocr_line' id='line_1_21' title="bbox 228 1140 986 1190; baseline 0.007 -16"><span class='ocrx_word' id='word_1_101' title='bbox 228 1140 449 1188; x_wconf 75' lang='lat' dir='ltr'>gravabant.</span> <span class='ocrx_word' id='word_1_102' title='bbox 495 1142 662 1190; x_wconf 85' lang='lat' dir='ltr'>Exempli</span> <span class='ocrx_word' id='word_1_103' title='bbox 704 1144 818 1179; x_wconf 68' lang='lat' dir='ltr'>caussa</span> <span class='ocrx_word' id='word_1_104' title='bbox 859 1144 986 1179; x_wconf 88' lang='lat' dir='ltr'>Servili</span> 
     </span>
     <span class='ocr_line' id='line_1_22' title="bbox 227 1191 985 1236; baseline 0.005 -10"><span class='ocrx_word' id='word_1_105' title='bbox 227 1199 366 1226; x_wconf 85' lang='lat' dir='ltr'>tantum</span> <span class='ocrx_word' id='word_1_106' title='bbox 395 1191 540 1227; x_wconf 89' lang='lat' dir='ltr'>nomine</span> <span class='ocrx_word' id='word_1_107' title='bbox 567 1192 707 1236; x_wconf 87' lang='lat' dir='ltr'>demto,</span> <span class='ocrx_word' id='word_1_108' title='bbox 750 1195 793 1229; x_wconf 85' lang='lat' dir='ltr'>ab</span> <span class='ocrx_word' id='word_1_109' title='bbox 820 1194 865 1230; x_wconf 89' lang='lat' dir='ltr'>iis</span> <span class='ocrx_word' id='word_1_110' title='bbox 892 1194 985 1230; x_wconf 83' lang='lat' dir='ltr'>obse-</span> 
     </span>
     <span class='ocr_line' id='line_1_23' title="bbox 227 1240 988 1291; baseline 0.005 -16"><span class='ocrx_word' id='word_1_111' title='bbox 227 1240 375 1288; x_wconf 77' lang='lat' dir='ltr'>quium,</span> <span class='ocrx_word' id='word_1_112' title='bbox 412 1252 472 1276; x_wconf 92' lang='lat' dir='ltr'>aut</span> <span class='ocrx_word' id='word_1_113' title='bbox 508 1242 688 1278; x_wconf 86' lang='lat' dir='ltr'>consuetas</span> <span class='ocrx_word' id='word_1_114' title='bbox 723 1257 866 1291; x_wconf 87' lang='lat' dir='ltr'>operas,</span> <span class='ocrx_word' id='word_1_115' title='bbox 904 1244 988 1279; x_wconf 86' lang='lat' dir='ltr'>soli-</span> 
     </span>
     <span class='ocr_line' id='line_1_24' title="bbox 227 1292 987 1343; baseline 0.004 -17"><span class='ocrx_word' id='word_1_116' title='bbox 227 1300 375 1339; x_wconf 83' lang='lat' dir='ltr'>tumque</span> <span class='ocrx_word' id='word_1_117' title='bbox 411 1305 518 1336; x_wconf 86' lang='lat' dir='ltr'>paene</span> <span class='ocrx_word' id='word_1_118' title='bbox 551 1292 735 1329; x_wconf 83' lang='lat' dir='ltr'>servitium</span> <span class='ocrx_word' id='word_1_119' title='bbox 772 1294 987 1343; x_wconf 83' lang='lat' dir='ltr'>exigebant,</span> 
     </span>
     <span class='ocr_line' id='line_1_25' title="bbox 228 1342 983 1391; baseline 0.004 -14"><span class='ocrx_word' id='word_1_120' title='bbox 228 1352 289 1377; x_wconf 84' lang='lat' dir='ltr'>aut</span> <span class='ocrx_word' id='word_1_121' title='bbox 316 1342 399 1377; x_wconf 75' lang='lat' dir='ltr'>illos</span> <span class='ocrx_word' id='word_1_122' title='bbox 426 1343 466 1376; x_wconf 87' lang='lat' dir='ltr'>ad</span> <span class='ocrx_word' id='word_1_123' title='bbox 496 1342 633 1377; x_wconf 82' lang='lat' dir='ltr'>censum</span> <span class='ocrx_word' id='word_1_124' title='bbox 662 1344 816 1391; x_wconf 79' lang='lat' dir='ltr'>aliquem</span> <span class='ocrx_word' id='word_1_125' title='bbox 845 1345 983 1380; x_wconf 90' lang='lat' dir='ltr'>redden·</span> 
     </span>
    </p>
   </div>
   <div class='ocr_carea' id='block_1_6' title="bbox 226 1392 987 1490">
    <p class='ocr_par' dir='ltr' id='par_1_7' title="bbox 226 1392 987 1490">
     <span class='ocr_line' id='line_1_26' title="bbox 227 1392 983 1441; baseline -0.004 -14"><span class='ocrx_word' id='word_1_126' title='bbox 227 1392 310 1427; x_wconf 88' lang='lat' dir='ltr'>dum</span> <span class='ocrx_word' id='word_1_127' title='bbox 332 1393 522 1436; x_wconf 82' lang='lat' dir='ltr'>quotannis</span> <span class='ocrx_word' id='word_1_128' title='bbox 542 1393 747 1441; x_wconf 82' lang='lat' dir='ltr'>adigebant.</span> <span class='ocrx_word' id='word_1_129' title='bbox 772 1395 875 1436; x_wconf 84' lang='lat' dir='ltr'>Apud</span> <span class='ocrx_word' id='word_1_130' title='bbox 898 1393 983 1425; x_wconf 80' lang='lat' dir='ltr'>Scri-</span> 
     </span>
     <span class='ocr_line' id='line_1_27' title="bbox 226 1440 987 1490; baseline -0.005 -14"><span class='ocrx_word' id='word_1_131' title='bbox 226 1452 344 1490; x_wconf 79' lang='lat' dir='ltr'>ptores</span> <span class='ocrx_word' id='word_1_132' title='bbox 385 1444 536 1477; x_wconf 84' lang='lat' dir='ltr'>Francos</span> <span class='ocrx_word' id='word_1_133' title='bbox 577 1449 765 1474; x_wconf 70' lang='lat' dir='ltr'>orcum-unt</span> <span class='ocrx_word' id='word_1_134' title='bbox 805 1440 956 1473; x_wconf 81' lang='lat' dir='ltr'>Coliberti</span> <span class='ocrx_word' id='word_1_135' title='bbox 977 1468 987 1483; x_wconf 86' lang='lat'>,</span> 
     </span>
    </p>
   </div>
   <div class='ocr_carea' id='block_1_7' title="bbox 226 1488 990 2040">
    <p class='ocr_par' dir='ltr' id='par_1_8' title="bbox 226 1488 990 2040">
     <span class='ocr_line' id='line_1_28' title="bbox 226 1488 987 1538; baseline 0.001 -13"><span class='ocrx_word' id='word_1_136' title='bbox 226 1505 297 1525; x_wconf 89' lang='lat' dir='ltr'>non</span> <span class='ocrx_word' id='word_1_137' title='bbox 321 1491 457 1524; x_wconf 83' lang='lat' dir='ltr'>Liberti</span> <span class='ocrx_word' id='word_1_138' title='bbox 474 1489 616 1535; x_wconf 86' lang='lat' dir='ltr'>quidem</span> <span class='ocrx_word' id='word_1_139' title='bbox 631 1517 640 1529; x_wconf 79' lang='grc'>,</span> <span class='ocrx_word' id='word_1_140' title='bbox 658 1488 711 1523; x_wconf 93' lang='lat' dir='ltr'>sed</span> <span class='ocrx_word' id='word_1_141' title='bbox 734 1488 861 1530; x_wconf 84' lang='lat' dir='ltr'>species</span> <span class='ocrx_word' id='word_1_142' title='bbox 882 1504 987 1538; x_wconf 88' lang='lat' dir='ltr'>quae·</span> 
     </span>
     <span class='ocr_line' id='line_1_29' title="bbox 227 1538 987 1586; baseline 0.003 -12"><span class='ocrx_word' id='word_1_143' title='bbox 227 1540 305 1574; x_wconf 85' lang='lat' dir='ltr'>dam</span> <span class='ocrx_word' id='word_1_144' title='bbox 330 1538 541 1573; x_wconf 76' lang='lat' dir='ltr'>famulorum</span> <span class='ocrx_word' id='word_1_145' title='bbox 565 1539 723 1574; x_wconf 87' lang='lat' dir='ltr'>Domino</span> <span class='ocrx_word' id='word_1_146' title='bbox 744 1540 987 1586; x_wconf 59' lang='lat' dir='ltr'>addictorum,</span> 
     </span>
     <span class='ocr_line' id='line_1_30' title="bbox 226 1589 989 1635; baseline 0.001 -10"><span class='ocrx_word' id='word_1_147' title='bbox 226 1590 260 1625; x_wconf 76' lang='grc'>8(</span> <span class='ocrx_word' id='word_1_148' title='bbox 291 1589 419 1624; x_wconf 81' lang='lat' dir='ltr'>Servili</span> <span class='ocrx_word' id='word_1_149' title='bbox 447 1589 652 1624; x_wconf 82' lang='lat' dir='ltr'>conditione</span> <span class='ocrx_word' id='word_1_150' title='bbox 681 1590 820 1635; x_wconf 80' lang='lat' dir='ltr'>potior,</span> <span class='ocrx_word' id='word_1_151' title='bbox 848 1591 900 1626; x_wconf 88' lang='lat' dir='ltr'>sed</span> <span class='ocrx_word' id='word_1_152' title='bbox 925 1592 989 1628; x_wconf 92' lang='lat' dir='ltr'>Li-</span> 
     </span>
     <span class='ocr_line' id='line_1_31' title="bbox 229 1640 989 1681; baseline 0.001 -6"><span class='ocrx_word' id='word_1_153' title='bbox 229 1640 362 1675; x_wconf 80' lang='lat' dir='ltr'>berrate</span> <span class='ocrx_word' id='word_1_154' title='bbox 389 1640 615 1681; x_wconf 71' lang='lat' dir='ltr'>circumcisa.</span> <span class='ocrx_word' id='word_1_155' title='bbox 658 1650 697 1675; x_wconf 90' lang='lat' dir='ltr'>ut</span> <span class='ocrx_word' id='word_1_156' title='bbox 731 1642 866 1681; x_wconf 78' lang='lat' dir='ltr'>Coloni,</span> <span class='ocrx_word' id='word_1_157' title='bbox 910 1646 989 1678; x_wconf 87' lang='lat' dir='ltr'>Ma-</span> 
     </span>
     <span class='ocr_line' id='line_1_32' title="bbox 228 1691 990 1733; baseline 0.005 -9"><span class='ocrx_word' id='word_1_158' title='bbox 228 1702 355 1729; x_wconf 52' lang='lat' dir='ltr'>nentem</span> <span class='ocrx_word' id='word_1_159' title='bbox 391 1691 516 1733; x_wconf 73' lang='lat' dir='ltr'>Aldii,</span> <span class='ocrx_word' id='word_1_160' title='bbox 554 1700 613 1725; x_wconf 87' lang='lat' dir='ltr'>aut</span> <span class='ocrx_word' id='word_1_161' title='bbox 649 1691 709 1726; x_wconf 83' lang='lat' dir='ltr'>alii</span> <span class='ocrx_word' id='word_1_162' title='bbox 750 1691 856 1727; x_wconf 89' lang='lat' dir='ltr'>medii</span> <span class='ocrx_word' id='word_1_163' title='bbox 896 1693 990 1729; x_wconf 85' lang='lat' dir='ltr'>inter</span> 
     </span>
     <span class='ocr_line' id='line_1_33' title="bbox 227 1741 988 1779; baseline 0.003 -2"><span class='ocrx_word' id='word_1_164' title='bbox 227 1741 394 1778; x_wconf 83' lang='lat' dir='ltr'>Libertos</span> <span class='ocrx_word' id='word_1_165' title='bbox 422 1755 461 1776; x_wconf 88' lang='lat' dir='ltr'>ac</span> <span class='ocrx_word' id='word_1_166' title='bbox 489 1743 613 1776; x_wconf 77' lang='lat' dir='ltr'>Servos</span> <span class='ocrx_word' id='word_1_167' title='bbox 631 1768 639 1776; x_wconf 90' lang='lat'>.</span> <span class='ocrx_word' id='word_1_168' title='bbox 668 1744 800 1777; x_wconf 68' lang='lat' dir='ltr'>Verum</span> <span class='ocrx_word' id='word_1_169' title='bbox 831 1756 900 1778; x_wconf 89' lang='lat' dir='ltr'>vox</span> <span class='ocrx_word' id='word_1_170' title='bbox 929 1743 988 1779; x_wconf 85' lang='lat' dir='ltr'>ista</span> 
     </span>
     <span class='ocr_line' id='line_1_34' title="bbox 229 1791 987 1840; baseline 0.004 -13"><span class='ocrx_word' id='word_1_171' title='bbox 229 1792 268 1827; x_wconf 68' lang='lat' dir='ltr'>ea</span> <span class='ocrx_word' id='word_1_172' title='bbox 293 1791 549 1840; x_wconf 80' lang='lat' dir='ltr'>significatione</span> <span class='ocrx_word' id='word_1_173' title='bbox 577 1792 665 1835; x_wconf 84' lang='lat' dir='ltr'>apud</span> <span class='ocrx_word' id='word_1_174' title='bbox 698 1793 803 1828; x_wconf 77' lang='lat' dir='ltr'>italos</span> <span class='ocrx_word' id='word_1_175' title='bbox 832 1796 987 1830; x_wconf 86' lang='lat' dir='ltr'>nondum</span> 
     </span>
     <span class='ocr_line' id='line_1_35' title="bbox 227 1842 989 1893; baseline 0.005 -16"><span class='ocrx_word' id='word_1_176' title='bbox 227 1842 319 1877; x_wconf 86' lang='lat' dir='ltr'>mihi</span> <span class='ocrx_word' id='word_1_177' title='bbox 359 1842 514 1877; x_wconf 88' lang='lat' dir='ltr'>occurrit</span> <span class='ocrx_word' id='word_1_178' title='bbox 538 1869 547 1877; x_wconf 87' lang='lat'>.</span> <span class='ocrx_word' id='word_1_179' title='bbox 589 1842 685 1878; x_wconf 87' lang='lat' dir='ltr'>Huic</span> <span class='ocrx_word' id='word_1_180' title='bbox 727 1854 841 1879; x_wconf 86' lang='lat' dir='ltr'>autem</span> <span class='ocrx_word' id='word_1_181' title='bbox 886 1845 951 1893; x_wconf 85' lang='lat' dir='ltr'>juri</span> <span class='ocrx_word' id='word_1_182' title='bbox 978 1871 989 1885; x_wconf 92' lang='lat'><em>,</em></span> 
     </span>
     <span class='ocr_line' id='line_1_36' title="bbox 229 1892 987 1939; baseline 0.007 -13"><span class='ocrx_word' id='word_1_183' title='bbox 229 1892 320 1939; x_wconf 88' lang='lat' dir='ltr'>quod</span> <span class='ocrx_word' id='word_1_184' title='bbox 349 1892 386 1927; x_wconf 89' lang='lat' dir='ltr'>in</span> <span class='ocrx_word' id='word_1_185' title='bbox 415 1892 491 1928; x_wconf 86' lang='lat' dir='ltr'>suos</span> <span class='ocrx_word' id='word_1_186' title='bbox 520 1892 685 1929; x_wconf 70' lang='lat' dir='ltr'>Libet-tos</span> <span class='ocrx_word' id='word_1_187' title='bbox 729 1895 870 1930; x_wconf 76' lang='lat' dir='ltr'>Patroni</span> <span class='ocrx_word' id='word_1_188' title='bbox 902 1895 987 1931; x_wconf 89' lang='lat' dir='ltr'>reti—</span> 
     </span>
     <span class='ocr_line' id='line_1_37' title="bbox 229 1942 986 1991; baseline 0.004 -14"><span class='ocrx_word' id='word_1_189' title='bbox 229 1942 358 1978; x_wconf 89' lang='lat' dir='ltr'>nebant</span> <span class='ocrx_word' id='word_1_190' title='bbox 386 1942 450 1987; x_wconf 80' lang='lat'>(&amp;</span> <span class='ocrx_word' id='word_1_191' title='bbox 478 1943 620 1991; x_wconf 89' lang='lat' dir='ltr'>quidem</span> <span class='ocrx_word' id='word_1_192' title='bbox 649 1945 779 1978; x_wconf 78' lang='lat' dir='ltr'>retinere</span> <span class='ocrx_word' id='word_1_193' title='bbox 806 1945 925 1982; x_wconf 73' lang='lat' dir='ltr'>sibimet</span> <span class='ocrx_word' id='word_1_194' title='bbox 954 1947 986 1981; x_wconf 78' lang='lat' dir='ltr'>in</span> 
     </span>
     <span class='ocr_line' id='line_1_38' title="bbox 229 1993 987 2040; baseline 0.008 -14"><span class='ocrx_word' id='word_1_195' title='bbox 229 1994 271 2027; x_wconf 79' lang='lat' dir='ltr'>eis</span> <span class='ocrx_word' id='word_1_196' title='bbox 287 1993 459 2040; x_wconf 79' lang='lat' dir='ltr'>obsequium</span> <span class='ocrx_word' id='word_1_197' title='bbox 479 1995 644 2030; x_wconf 80' lang='lat' dir='ltr'>dicuntur</span> <span class='ocrx_word' id='word_1_198' title='bbox 663 1995 699 2030; x_wconf 92' lang='lat' dir='ltr'>in</span> <span class='ocrx_word' id='word_1_199' title='bbox 720 1997 890 2031; x_wconf 71' lang='lat' dir='ltr'>Concilio</span> <span class='ocrx_word' id='word_1_200' title='bbox 911 1999 987 2032; x_wconf 87' lang='lat' dir='ltr'>To-</span> 
     </span>
    </p>
   </div>
   <div class='ocr_carea' id='block_1_8' title="bbox 229 2044 1015 2094">
    <p class='ocr_par' dir='ltr' id='par_1_9' title="bbox 229 2044 1015 2094">
     <span class='ocr_line' id='line_1_39' title="bbox 229 2044 1015 2094; baseline 0.009 -16"><span class='ocrx_word' id='word_1_201' title='bbox 229 2044 348 2078; x_wconf 88' lang='lat' dir='ltr'>letano</span> <span class='ocrx_word' id='word_1_202' title='bbox 375 2044 462 2091; x_wconf 87' lang='lat' dir='ltr'>apud</span> <span class='ocrx_word' id='word_1_203' title='bbox 493 2045 728 2081; x_wconf 87' lang='lat' dir='ltr'>Burchardum</span> <span class='ocrx_word' id='word_1_204' title='bbox 746 2047 817 2083; x_wconf 86' lang='lat' dir='ltr'>Lib</span> <span class='ocrx_word' id='word_1_205' title='bbox 848 2060 878 2082; x_wconf 83' lang='lat'>2..</span> <span class='ocrx_word' id='word_1_206' title='bbox 897 2050 985 2094; x_wconf 86' lang='lat' dir='ltr'>Cap.</span> <span class='ocrx_word' id='word_1_207' title='bbox 1014 2082 1015 2085; x_wconf 76' lang='grc'>,</span> 
     </span>
    </p>
   </div>
   <div class='ocr_carea' id='block_1_9' title="bbox 231 2093 989 2549">
    <p class='ocr_par' dir='ltr' id='par_1_10' title="bbox 231 2093 989 2549">
     <span class='ocr_line' id='line_1_40' title="bbox 231 2093 987 2143; baseline 0.005 -13"><span class='ocrx_word' id='word_1_208' title='bbox 231 2095 319 2141; x_wconf 80' lang='lat'>25.)</span> <span class='ocrx_word' id='word_1_209' title='bbox 347 2093 429 2129; x_wconf 88' lang='lat' dir='ltr'>huic</span> <span class='ocrx_word' id='word_1_210' title='bbox 449 2094 592 2143; x_wconf 85' lang='lat' dir='ltr'>inquam</span> <span class='ocrx_word' id='word_1_211' title='bbox 616 2096 681 2143; x_wconf 86' lang='lat' dir='ltr'>juri</span> <span class='ocrx_word' id='word_1_212' title='bbox 706 2099 912 2134; x_wconf 89' lang='lat' dir='ltr'>Patronatus</span> <span class='ocrx_word' id='word_1_213' title='bbox 931 2098 987 2133; x_wconf 92' lang='lat' dir='ltr'>in-</span> 
     </span>
     <span class='ocr_line' id='line_1_41' title="bbox 231 2144 985 2199; baseline 0.008 -21"><span class='ocrx_word' id='word_1_214' title='bbox 231 2144 367 2179; x_wconf 84' lang='lat' dir='ltr'>terdum</span> <span class='ocrx_word' id='word_1_215' title='bbox 396 2144 432 2179; x_wconf 88' lang='lat' dir='ltr'>in</span> <span class='ocrx_word' id='word_1_216' title='bbox 462 2146 733 2183; x_wconf 85' lang='lat' dir='ltr'>Manumiffione</span> <span class='ocrx_word' id='word_1_217' title='bbox 755 2149 903 2184; x_wconf 85' lang='lat' dir='ltr'>Domini</span> <span class='ocrx_word' id='word_1_218' title='bbox 924 2149 985 2199; x_wconf 78' lang='lat' dir='ltr'>ipsi</span> 
     </span>
     <span class='ocr_line' id='line_1_42' title="bbox 231 2195 985 2246; baseline 0.009 -18"><span class='ocrx_word' id='word_1_219' title='bbox 231 2195 499 2231; x_wconf 80' lang='lat' dir='ltr'>renuntiabant.</span> <span class='ocrx_word' id='word_1_220' title='bbox 537 2197 628 2232; x_wconf 89' lang='lat' dir='ltr'>Vide</span> <span class='ocrx_word' id='word_1_221' title='bbox 668 2199 905 2246; x_wconf 81' lang='lat' dir='ltr'>Appendicem</span> <span class='ocrx_word' id='word_1_222' title='bbox 945 2200 985 2235; x_wconf 89' lang='lat' dir='ltr'>ad</span> 
     </span>
     <span class='ocr_line' id='line_1_43' title="bbox 231 2244 987 2297; baseline 0.008 -17"><span class='ocrx_word' id='word_1_223' title='bbox 231 2244 445 2280; x_wconf 88' lang='lat' dir='ltr'>Marculfum</span> <span class='ocrx_word' id='word_1_224' title='bbox 474 2248 581 2282; x_wconf 87' lang='lat' dir='ltr'>Tom.</span> <span class='ocrx_word' id='word_1_225' title='bbox 609 2260 640 2283; x_wconf 87' lang='lat'>2.</span> <span class='ocrx_word' id='word_1_226' title='bbox 666 2250 860 2297; x_wconf 73' lang='lat' dir='ltr'>Capitular.</span> <span class='ocrx_word' id='word_1_227' title='bbox 882 2252 987 2286; x_wconf 79' lang='lat' dir='ltr'>Balu-</span> 
     </span>
     <span class='ocr_line' id='line_1_44' title="bbox 231 2294 987 2346; baseline 0.007 -16"><span class='ocrx_word' id='word_1_228' title='bbox 231 2294 282 2330; x_wconf 86' lang='lat' dir='ltr'>zii</span> <span class='ocrx_word' id='word_1_229' title='bbox 310 2297 397 2342; x_wconf 85' lang='lat' dir='ltr'>Cap.</span> <span class='ocrx_word' id='word_1_230' title='bbox 414 2299 474 2342; x_wconf 85' lang='lat'>48.</span> <span class='ocrx_word' id='word_1_231' title='bbox 504 2298 557 2333; x_wconf 89' lang='lat' dir='ltr'>Ibi</span> <span class='ocrx_word' id='word_1_232' title='bbox 583 2298 713 2346; x_wconf 82' lang='lat' dir='ltr'>legitur</span> <span class='ocrx_word' id='word_1_233' title='bbox 744 2302 987 2346; x_wconf 72' lang='lat' dir='ltr'>Redemptiona-</span> 
     </span>
     <span class='ocr_line' id='line_1_45' title="bbox 232 2345 987 2400; baseline 0.012 -22"><span class='ocrx_word' id='word_1_234' title='bbox 232 2345 280 2384; x_wconf 74' lang='lat' dir='ltr'>Ie,</span> <span class='ocrx_word' id='word_1_235' title='bbox 308 2345 374 2380; x_wconf 87' lang='lat' dir='ltr'>hoc</span> <span class='ocrx_word' id='word_1_236' title='bbox 394 2345 439 2381; x_wconf 86' lang='lat' dir='ltr'>est</span> <span class='ocrx_word' id='word_1_237' title='bbox 457 2347 554 2383; x_wconf 78' lang='lat' dir='ltr'>Servi</span> <span class='ocrx_word' id='word_1_238' title='bbox 577 2350 827 2386; x_wconf 71' lang='lat' dir='ltr'>Manumiffio:</span> <span class='ocrx_word' id='word_1_239' title='bbox 859 2352 894 2386; x_wconf 87' lang='lat' dir='ltr'>in</span> <span class='ocrx_word' id='word_1_240' title='bbox 921 2365 987 2400; x_wconf 89' lang='lat' dir='ltr'>qua</span> 
     </span>
     <span class='ocr_line' id='line_1_46' title="bbox 234 2395 989 2448; baseline 0.012 -19"><span class='ocrx_word' id='word_1_241' title='bbox 234 2395 440 2437; x_wconf 87' lang='lat' dir='ltr'>Dominus,</span> <span class='ocrx_word' id='word_1_242' title='bbox 475 2407 616 2446; x_wconf 88' lang='lat' dir='ltr'>recepto</span> <span class='ocrx_word' id='word_1_243' title='bbox 651 2404 766 2448; x_wconf 84' lang='lat' dir='ltr'>pretio</span> <span class='ocrx_word' id='word_1_244' title='bbox 801 2403 820 2437; x_wconf 71' lang='lat' dir='ltr'>a</span> <span class='ocrx_word' id='word_1_245' title='bbox 861 2405 989 2443; x_wconf 78' lang='lat' dir='ltr'>servo,</span> 
     </span>
     <span class='ocr_line' id='line_1_47' title="bbox 234 2446 989 2489; baseline 0.012 -9"><span class='ocrx_word' id='word_1_246' title='bbox 234 2459 313 2481; x_wconf 88' lang='lat' dir='ltr'>eum</span> <span class='ocrx_word' id='word_1_247' title='bbox 337 2446 518 2484; x_wconf 79' lang='lat' dir='ltr'>Libertate</span> <span class='ocrx_word' id='word_1_248' title='bbox 545 2449 674 2489; x_wconf 85' lang='lat' dir='ltr'>donat,</span> <span class='ocrx_word' id='word_1_249' title='bbox 692 2452 776 2488; x_wconf 82' lang='lat' dir='ltr'>haec</span> <span class='ocrx_word' id='word_1_250' title='bbox 804 2453 897 2489; x_wconf 84' lang='lat' dir='ltr'>inter</span> <span class='ocrx_word' id='word_1_251' title='bbox 920 2453 989 2489; x_wconf 85' lang='lat' dir='ltr'>alia</span> 
     </span>
     <span class='ocr_line' id='line_1_48' title="bbox 235 2495 988 2549; baseline 0.007 -17"><span class='ocrx_word' id='word_1_252' title='bbox 235 2495 419 2543; x_wconf 77' lang='lat' dir='ltr'>inquiens:</span> <span class='ocrx_word' id='word_1_253' title='bbox 443 2502 484 2534; x_wconf 75' lang='lat' dir='ltr'>Ut</span> <span class='ocrx_word' id='word_1_254' title='bbox 504 2499 614 2533; x_wconf 75' lang='lat' dir='ltr'>taliter</span> <span class='ocrx_word' id='word_1_255' title='bbox 625 2499 689 2541; x_wconf 79' lang='lat' dir='ltr'>stas</span> <span class='ocrx_word' id='word_1_256' title='bbox 712 2502 864 2549; x_wconf 76' lang='lat' dir='ltr'>ingenuus</span> <span class='ocrx_word' id='word_1_257' title='bbox 878 2529 886 2541; x_wconf 84' lang='lat'><em>,</em></span> <span class='ocrx_word' id='word_1_258' title='bbox 907 2515 988 2539; x_wconf 79' lang='lat' dir='ltr'>tam-</span> 
     </span>
    </p>
   </div>
   <div class='ocr_carea' id='block_1_10' title="bbox 233 2547 991 2602">
    <p class='ocr_par' dir='ltr' id='par_1_11' title="bbox 233 2547 991 2602">
     <span class='ocr_line' id='line_1_49' title="bbox 233 2547 991 2602; baseline 0.015 -22"><span class='ocrx_word' id='word_1_259' title='bbox 233 2559 327 2594; x_wconf 69' lang='lat' dir='ltr'>quam</span> <span class='ocrx_word' id='word_1_260' title='bbox 353 2547 388 2590; x_wconf 86' lang='lat' dir='ltr'><strong><em>fi</em></strong></span> <span class='ocrx_word' id='word_1_261' title='bbox 411 2548 454 2585; x_wconf 81' lang='lat' dir='ltr'>ab</span> <span class='ocrx_word' id='word_1_262' title='bbox 480 2549 627 2598; x_wconf 76' lang='lat' dir='ltr'>ingenuis</span> <span class='ocrx_word' id='word_1_263' title='bbox 662 2553 847 2599; x_wconf 79' lang='lat' dir='ltr'>parentibus</span> <span class='ocrx_word' id='word_1_264' title='bbox 881 2553 991 2602; x_wconf 74' lang='lat' dir='ltr'>fuiffes</span> 
     </span>
    </p>
   </div>
   <div class='ocr_carea' id='block_1_11' title="bbox 1032 741 1060 774">
    <p class='ocr_par' dir='ltr' id='par_1_12' title="bbox 1032 741 1060 774">
     <span class='ocr_line' id='line_1_50' title="bbox 1032 741 1060 774; baseline 0 0"><span class='ocrx_word' id='word_1_265' title='bbox 1032 741 1060 774; x_wconf 86' lang='grc' dir='ltr'>Β</span> 
     </span>
    </p>
   </div>
   <div class='ocr_carea' id='block_1_12' title="bbox 1030 1194 1063 1229">
    <p class='ocr_par' dir='ltr' id='par_1_13' title="bbox 1030 1194 1063 1229">
     <span class='ocr_line' id='line_1_51' title="bbox 1030 1194 1063 1229; baseline 0 -2"><span class='ocrx_word' id='word_1_266' title='bbox 1030 1194 1063 1229; x_wconf 87' lang='lat' dir='ltr'>C</span> 
     </span>
    </p>
   </div>
   <div class='ocr_carea' id='block_1_13' title="bbox 1068 330 1867 1638">
    <p class='ocr_par' dir='ltr' id='par_1_14' title="bbox 1068 330 1867 1638">
     <span class='ocr_line' id='line_1_52' title="bbox 1100 330 1858 378; baseline 0.001 -13"><span class='ocrx_word' id='word_1_267' title='bbox 1100 331 1180 365; x_wconf 86' lang='lat' dir='ltr'>liare</span> <span class='ocrx_word' id='word_1_268' title='bbox 1206 341 1264 363; x_wconf 82' lang='lat' dir='ltr'>tuo·</span> <span class='ocrx_word' id='word_1_269' title='bbox 1286 330 1364 376; x_wconf 88' lang='lat' dir='ltr'>(ita</span> <span class='ocrx_word' id='word_1_270' title='bbox 1393 330 1524 378; x_wconf 78' lang='lat' dir='ltr'>quippe</span> <span class='ocrx_word' id='word_1_271' title='bbox 1559 333 1776 378; x_wconf 74' lang='lat' dir='ltr'>appellabant</span> <span class='ocrx_word' id='word_1_272' title='bbox 1803 340 1858 374; x_wconf 74' lang='lat' dir='ltr'>in.</span> 
     </span>
     <span class='ocr_line' id='line_1_53' title="bbox 1102 380 1858 429; baseline -0.001 -13"><span class='ocrx_word' id='word_1_273' title='bbox 1102 380 1238 416; x_wconf 86' lang='lat' dir='ltr'>terdum</span> <span class='ocrx_word' id='word_1_274' title='bbox 1270 381 1449 416; x_wconf 88' lang='lat' dir='ltr'>Peculium</span> <span class='ocrx_word' id='word_1_275' title='bbox 1469 383 1503 429; x_wconf 90' lang='lat'>):</span> <span class='ocrx_word' id='word_1_276' title='bbox 1548 381 1591 414; x_wconf 74' lang='lat'>(9⁶</span> <span class='ocrx_word' id='word_1_277' title='bbox 1628 394 1679 414; x_wconf 84' lang='lat' dir='ltr'>nec</span> <span class='ocrx_word' id='word_1_278' title='bbox 1706 384 1782 415; x_wconf 81' lang='lat' dir='ltr'>mihi</span> <span class='ocrx_word' id='word_1_279' title='bbox 1807 401 1858 422; x_wconf 59' lang='lat' dir='ltr'>„ec</span> 
     </span>
     <span class='ocr_line' id='line_1_54' title="bbox 1102 431 1861 476; baseline 0 -10"><span class='ocrx_word' id='word_1_280' title='bbox 1102 432 1163 466; x_wconf 84' lang='lat' dir='ltr'>ulli</span> <span class='ocrx_word' id='word_1_281' title='bbox 1190 432 1346 466; x_wconf 83' lang='lat' dir='ltr'>Heredum</span> <span class='ocrx_word' id='word_1_282' title='bbox 1373 445 1506 466; x_wconf 84' lang='lat' dir='ltr'>meorum</span> <span class='ocrx_word' id='word_1_283' title='bbox 1542 432 1665 465; x_wconf 83' lang='lat' dir='ltr'>nullum</span> <span class='ocrx_word' id='word_1_284' title='bbox 1699 431 1861 476; x_wconf 78' lang='lat' dir='ltr'>impendas</span> 
     </span>
     <span class='ocr_line' id='line_1_55' title="bbox 1097 482 1861 527; baseline -0.003 -11"><span class='ocrx_word' id='word_1_285' title='bbox 1097 482 1288 527; x_wconf 81' lang='lat' dir='ltr'>servitium,</span> <span class='ocrx_word' id='word_1_286' title='bbox 1324 496 1376 516; x_wconf 88' lang='lat' dir='ltr'>nec</span> <span class='ocrx_word' id='word_1_287' title='bbox 1402 482 1594 521; x_wconf 80' lang='lat' dir='ltr'>hominium,</span> <span class='ocrx_word' id='word_1_288' title='bbox 1635 496 1688 516; x_wconf 80' lang='lat' dir='ltr'>nec</span> <span class='ocrx_word' id='word_1_289' title='bbox 1714 483 1861 516; x_wconf 70' lang='lat' dir='ltr'>Liberta-</span> 
     </span>
     <span class='ocr_line' id='line_1_56' title="bbox 1101 532 1863 579; baseline 0 -12"><span class='ocrx_word' id='word_1_290' title='bbox 1101 533 1215 572; x_wconf 76' lang='lat' dir='ltr'>ticum,</span> <span class='ocrx_word' id='word_1_291' title='bbox 1252 546 1305 567; x_wconf 83' lang='lat' dir='ltr'>nec</span> <span class='ocrx_word' id='word_1_292' title='bbox 1330 533 1429 566; x_wconf 86' lang='lat' dir='ltr'>ullum</span> <span class='ocrx_word' id='word_1_293' title='bbox 1464 532 1672 579; x_wconf 52' lang='lat' dir='ltr'>Obsequium,</span> <span class='ocrx_word' id='word_1_294' title='bbox 1708 546 1760 566; x_wconf 82' lang='lat' dir='ltr'>nec</span> <span class='ocrx_word' id='word_1_295' title='bbox 1797 535 1863 567; x_wconf 84' lang='lat' dir='ltr'>Pa-</span> 
     </span>
     <span class='ocr_line' id='line_1_57' title="bbox 1104 582 1862 630; baseline 0.001 -13"><span class='ocrx_word' id='word_1_296' title='bbox 1104 585 1291 618; x_wconf 72' lang='lat' dir='ltr'>tronaticum</span> <span class='ocrx_word' id='word_1_297' title='bbox 1329 582 1402 622; x_wconf 54' lang='lat' dir='ltr'>&amp;a</span> <span class='ocrx_word' id='word_1_298' title='bbox 1437 585 1492 618; x_wconf 86' lang='lat' dir='ltr'>En</span> <span class='ocrx_word' id='word_1_299' title='bbox 1533 592 1621 630; x_wconf 88' lang='lat' dir='ltr'>quot</span> <span class='ocrx_word' id='word_1_300' title='bbox 1657 583 1862 618; x_wconf 88' lang='lat' dir='ltr'>nominibus</span> 
     </span>
     <span class='ocr_line' id='line_1_58' title="bbox 1104 633 1864 683; baseline -0.001 -14"><span class='ocrx_word' id='word_1_301' title='bbox 1104 635 1155 683; x_wconf 84' lang='lat' dir='ltr'>jus</span> <span class='ocrx_word' id='word_1_302' title='bbox 1184 636 1416 670; x_wconf 87' lang='lat' dir='ltr'>Patronorum</span> <span class='ocrx_word' id='word_1_303' title='bbox 1444 633 1482 668; x_wconf 89' lang='lat' dir='ltr'>in</span> <span class='ocrx_word' id='word_1_304' title='bbox 1511 634 1676 670; x_wconf 86' lang='lat' dir='ltr'>Libertos</span> <span class='ocrx_word' id='word_1_305' title='bbox 1709 633 1864 682; x_wconf 73' lang='lat' dir='ltr'>designa-</span> 
     </span>
     <span class='ocr_line' id='line_1_59' title="bbox 1068 684 1864 731; baseline -0.001 -11"><span class='ocrx_word' id='word_1_306' title='bbox 1068 713 1071 716; x_wconf 29' lang='grc' dir='ltr'><em>ψ</em></span> <span class='ocrx_word' id='word_1_307' title='bbox 1103 695 1217 721; x_wconf 86' lang='lat' dir='ltr'>retur.</span> <span class='ocrx_word' id='word_1_308' title='bbox 1255 687 1434 721; x_wconf 81' lang='lat' dir='ltr'>Praeterea</span> <span class='ocrx_word' id='word_1_309' title='bbox 1461 697 1569 730; x_wconf 89' lang='lat' dir='ltr'>quum</span> <span class='ocrx_word' id='word_1_310' title='bbox 1597 684 1755 720; x_wconf 88' lang='lat' dir='ltr'>animum</span> <span class='ocrx_word' id='word_1_311' title='bbox 1783 698 1864 731; x_wconf 84' lang='lat' dir='ltr'>erga</span> 
     </span>
     <span class='ocr_line' id='line_1_60' title="bbox 1103 734 1865 784; baseline -0.001 -13"><span class='ocrx_word' id='word_1_312' title='bbox 1103 735 1288 771; x_wconf 85' lang='lat' dir='ltr'>donatores</span> <span class='ocrx_word' id='word_1_313' title='bbox 1315 735 1493 784; x_wconf 81' lang='lat' dir='ltr'>ingratum</span> <span class='ocrx_word' id='word_1_314' title='bbox 1521 734 1696 770; x_wconf 86' lang='lat' dir='ltr'>aversetur</span> <span class='ocrx_word' id='word_1_315' title='bbox 1719 734 1790 783; x_wconf 85' lang='lat' dir='ltr'>ipsa</span> <span class='ocrx_word' id='word_1_316' title='bbox 1810 748 1865 770; x_wconf 88' lang='lat' dir='ltr'>re-</span> 
     </span>
     <span class='ocr_line' id='line_1_61' title="bbox 1103 785 1864 834; baseline -0.003 -12"><span class='ocrx_word' id='word_1_317' title='bbox 1103 786 1158 822; x_wconf 68' lang='lat' dir='ltr'>&amp;a</span> <span class='ocrx_word' id='word_1_318' title='bbox 1186 787 1301 826; x_wconf 88' lang='lat' dir='ltr'>ratio,</span> <span class='ocrx_word' id='word_1_319' title='bbox 1338 794 1519 834; x_wconf 85' lang='lat' dir='ltr'>propterea</span> <span class='ocrx_word' id='word_1_320' title='bbox 1545 785 1711 821; x_wconf 87' lang='lat' dir='ltr'>Libertos</span> <span class='ocrx_word' id='word_1_321' title='bbox 1738 785 1864 821; x_wconf 82' lang='lat' dir='ltr'>huma·</span> 
     </span>
     <span class='ocr_line' id='line_1_62' title="bbox 1104 835 1866 886; baseline -0.003 -13"><span class='ocrx_word' id='word_1_322' title='bbox 1104 851 1167 873; x_wconf 88' lang='lat' dir='ltr'>nae</span> <span class='ocrx_word' id='word_1_323' title='bbox 1184 839 1294 886; x_wconf 70' lang='lat' dir='ltr'>Leges</span> <span class='ocrx_word' id='word_1_324' title='bbox 1316 850 1385 872; x_wconf 91' lang='lat' dir='ltr'>non</span> <span class='ocrx_word' id='word_1_325' title='bbox 1406 835 1510 872; x_wconf 86' lang='lat' dir='ltr'>semel</span> <span class='ocrx_word' id='word_1_326' title='bbox 1530 835 1761 877; x_wconf 84' lang='lat' dir='ltr'>damnarunt,</span> <span class='ocrx_word' id='word_1_327' title='bbox 1776 850 1866 885; x_wconf 91' lang='lat' dir='ltr'>quo-</span> 
     </span>
     <span class='ocr_line' id='line_1_63' title="bbox 1103 888 1866 935; baseline 0 -12"><span class='ocrx_word' id='word_1_328' title='bbox 1103 888 1171 923; x_wconf 85' lang='lat' dir='ltr'>ties</span> <span class='ocrx_word' id='word_1_329' title='bbox 1197 888 1353 933; x_wconf 85' lang='lat' dir='ltr'>obsequii</span> <span class='ocrx_word' id='word_1_330' title='bbox 1383 900 1463 934; x_wconf 80' lang='lat' dir='ltr'>erga</span> <span class='ocrx_word' id='word_1_331' title='bbox 1492 889 1683 926; x_wconf 75' lang='lat' dir='ltr'>patronos,</span> <span class='ocrx_word' id='word_1_332' title='bbox 1711 888 1866 935; x_wconf 88' lang='lat' dir='ltr'>accepti-</span> 
     </span>
     <span class='ocr_line' id='line_1_64' title="bbox 1103 935 1866 987; baseline -0.001 -13"><span class='ocrx_word' id='word_1_333' title='bbox 1103 952 1170 987; x_wconf 90' lang='lat' dir='ltr'>que</span> <span class='ocrx_word' id='word_1_334' title='bbox 1198 938 1359 974; x_wconf 83' lang='lat' dir='ltr'>beneficii</span> <span class='ocrx_word' id='word_1_335' title='bbox 1387 938 1611 973; x_wconf 84' lang='lat' dir='ltr'>immemores</span> <span class='ocrx_word' id='word_1_336' title='bbox 1647 935 1715 972; x_wconf 90' lang='lat' dir='ltr'>sese</span> <span class='ocrx_word' id='word_1_337' title='bbox 1742 937 1866 985; x_wconf 84' lang='lat' dir='ltr'>prode-</span> 
     </span>
     <span class='ocr_line' id='line_1_65' title="bbox 1105 988 1865 1036; baseline -0.001 -12"><span class='ocrx_word' id='word_1_338' title='bbox 1105 991 1209 1025; x_wconf 83' lang='lat' dir='ltr'>bant.</span> <span class='ocrx_word' id='word_1_339' title='bbox 1251 989 1282 1024; x_wconf 91' lang='lat' dir='ltr'>li</span> <span class='ocrx_word' id='word_1_340' title='bbox 1309 1002 1434 1036; x_wconf 91' lang='lat' dir='ltr'>nempe</span> <span class='ocrx_word' id='word_1_341' title='bbox 1460 990 1567 1024; x_wconf 88' lang='lat' dir='ltr'>etiam</span> <span class='ocrx_word' id='word_1_342' title='bbox 1597 988 1686 1030; x_wconf 87' lang='lat' dir='ltr'>apud</span> <span class='ocrx_word' id='word_1_343' title='bbox 1713 989 1865 1024; x_wconf 87' lang='lat' dir='ltr'>Latinos</span> 
     </span>
     <span class='ocr_line' id='line_1_66' title="bbox 1105 1038 1867 1085; baseline -0.005 -9"><span class='ocrx_word' id='word_1_344' title='bbox 1105 1039 1143 1076; x_wconf 73' lang='grc' dir='ltr'>δε</span> <span class='ocrx_word' id='word_1_345' title='bbox 1171 1042 1325 1075; x_wconf 85' lang='lat' dir='ltr'>Graecos</span> <span class='ocrx_word' id='word_1_346' title='bbox 1350 1043 1368 1075; x_wconf 84' lang='grc' dir='ltr'>ὲ</span> <span class='ocrx_word' id='word_1_347' title='bbox 1397 1038 1590 1075; x_wconf 87' lang='lat' dir='ltr'>Libertatis</span> <span class='ocrx_word' id='word_1_348' title='bbox 1619 1038 1693 1085; x_wconf 81' lang='lat' dir='ltr'>jure</span> <span class='ocrx_word' id='word_1_349' title='bbox 1727 1038 1867 1073; x_wconf 83' lang='lat' dir='ltr'>excide-</span> 
     </span>
     <span class='ocr_line' id='line_1_67' title="bbox 1106 1088 1866 1138; baseline -0.003 -12"><span class='ocrx_word' id='word_1_350' title='bbox 1106 1092 1210 1130; x_wconf 91' lang='lat' dir='ltr'>bant,</span> <span class='ocrx_word' id='word_1_351' title='bbox 1238 1091 1437 1138; x_wconf 86' lang='lat' dir='ltr'>iterumque</span> <span class='ocrx_word' id='word_1_352' title='bbox 1461 1089 1502 1125; x_wconf 90' lang='lat' dir='ltr'>in</span> <span class='ocrx_word' id='word_1_353' title='bbox 1521 1088 1709 1125; x_wconf 82' lang='lat' dir='ltr'>Servitutis</span> <span class='ocrx_word' id='word_1_354' title='bbox 1735 1101 1866 1124; x_wconf 85' lang='lat' dir='ltr'>nexum</span> 
     </span>
     <span class='ocr_line' id='line_1_68' title="bbox 1105 1139 1867 1176; baseline -0.004 0"><span class='ocrx_word' id='word_1_355' title='bbox 1105 1141 1378 1176; x_wconf 81' lang='lat' dir='ltr'>revocabantur.</span> <span class='ocrx_word' id='word_1_356' title='bbox 1419 1140 1459 1175; x_wconf 91' lang='lat' dir='ltr'>Id</span> <span class='ocrx_word' id='word_1_357' title='bbox 1498 1149 1640 1175; x_wconf 85' lang='lat' dir='ltr'>cautum</span> <span class='ocrx_word' id='word_1_358' title='bbox 1682 1139 1800 1174; x_wconf 82' lang='lat' dir='ltr'>videas</span> <span class='ocrx_word' id='word_1_359' title='bbox 1827 1140 1867 1174; x_wconf 89' lang='lat' dir='ltr'>in</span> 
     </span>
     <span class='ocr_line' id='line_1_69' title="bbox 1073 1188 1866 1232; baseline -0.003 -6"><span class='ocrx_word' id='word_1_360' title='bbox 1073 1196 1075 1218; x_wconf 66' lang='lat' dir='ltr'>l</span> <span class='ocrx_word' id='word_1_361' title='bbox 1105 1189 1514 1226; x_wconf 81' lang='lat' dir='ltr'>Codice&#39;Theodofiano</span> <span class='ocrx_word' id='word_1_362' title='bbox 1550 1202 1590 1224; x_wconf 88' lang='lat' dir='ltr'>ac</span> <span class='ocrx_word' id='word_1_363' title='bbox 1625 1188 1866 1232; x_wconf 83' lang='lat' dir='ltr'>Justinianeo,</span> 
     </span>
     <span class='ocr_line' id='line_1_70' title="bbox 1072 1232 1866 1287; baseline 0 -12"><span class='ocrx_word' id='word_1_364' title='bbox 1072 1232 1077 1284; x_wconf 74' lang='lat' dir='ltr'>l</span> <span class='ocrx_word' id='word_1_365' title='bbox 1106 1251 1210 1287; x_wconf 86' lang='lat' dir='ltr'>atque</span> <span class='ocrx_word' id='word_1_366' title='bbox 1237 1239 1274 1274; x_wconf 89' lang='lat' dir='ltr'>in</span> <span class='ocrx_word' id='word_1_367' title='bbox 1305 1238 1510 1278; x_wconf 72' lang='lat' dir='ltr'>Pandetstis,</span> <span class='ocrx_word' id='word_1_368' title='bbox 1537 1247 1579 1274; x_wconf 88' lang='lat' dir='ltr'>ut</span> <span class='ocrx_word' id='word_1_369' title='bbox 1604 1247 1736 1274; x_wconf 88' lang='lat' dir='ltr'>veteres</span> <span class='ocrx_word' id='word_1_370' title='bbox 1757 1242 1866 1275; x_wconf 77' lang='lat' dir='ltr'>omit-</span> 
     </span>
     <span class='ocr_line' id='line_1_71' title="bbox 1105 1288 1866 1337; baseline -0.001 -11"><span class='ocrx_word' id='word_1_371' title='bbox 1105 1300 1177 1326; x_wconf 87' lang='lat' dir='ltr'>tam</span> <span class='ocrx_word' id='word_1_372' title='bbox 1215 1289 1434 1337; x_wconf 77' lang='lat' dir='ltr'>Scriptore5‚</span> <span class='ocrx_word' id='word_1_373' title='bbox 1475 1288 1536 1335; x_wconf 87' lang='lat' dir='ltr'>qui</span> <span class='ocrx_word' id='word_1_374' title='bbox 1575 1288 1743 1325; x_wconf 85' lang='lat' dir='ltr'>concordi</span> <span class='ocrx_word' id='word_1_375' title='bbox 1779 1299 1866 1325; x_wconf 83' lang='lat' dir='ltr'>voto</span> 
     </span>
     <span class='ocr_line' id='line_1_72' title="bbox 1105 1338 1866 1386; baseline 0.003 -12"><span class='ocrx_word' id='word_1_376' title='bbox 1105 1341 1268 1382; x_wconf 88' lang='lat' dir='ltr'>tradunt,</span> <span class='ocrx_word' id='word_1_377' title='bbox 1311 1339 1478 1374; x_wconf 83' lang='lat' dir='ltr'>Libertos</span> <span class='ocrx_word' id='word_1_378' title='bbox 1513 1338 1558 1372; x_wconf 92' lang='lat' dir='ltr'>ob</span> <span class='ocrx_word' id='word_1_379' title='bbox 1593 1338 1724 1386; x_wconf 86' lang='lat' dir='ltr'>ingrati</span> <span class='ocrx_word' id='word_1_380' title='bbox 1752 1340 1866 1376; x_wconf 78' lang='lat' dir='ltr'>animi</span> 
     </span>
     <span class='ocr_line' id='line_1_73' title="bbox 1105 1388 1864 1437; baseline 0.005 -15"><span class='ocrx_word' id='word_1_381' title='bbox 1105 1388 1235 1423; x_wconf 87' lang='lat' dir='ltr'>vitium</span> <span class='ocrx_word' id='word_1_382' title='bbox 1272 1389 1309 1424; x_wconf 91' lang='lat' dir='ltr'>in</span> <span class='ocrx_word' id='word_1_383' title='bbox 1347 1388 1523 1437; x_wconf 86' lang='lat' dir='ltr'>pristinam</span> <span class='ocrx_word' id='word_1_384' title='bbox 1560 1389 1775 1425; x_wconf 75' lang='lat' dir='ltr'>Serviturem</span> <span class='ocrx_word' id='word_1_385' title='bbox 1811 1405 1864 1426; x_wconf 80' lang='lat' dir='ltr'>re-</span> 
     </span>
     <span class='ocr_line' id='line_1_74' title="bbox 1103 1438 1864 1488; baseline 0.005 -15"><span class='ocrx_word' id='word_1_386' title='bbox 1103 1439 1243 1478; x_wconf 81' lang='lat' dir='ltr'>cidiffe,</span> <span class='ocrx_word' id='word_1_387' title='bbox 1290 1449 1350 1474; x_wconf 90' lang='lat' dir='ltr'>aut</span> <span class='ocrx_word' id='word_1_388' title='bbox 1394 1438 1537 1474; x_wconf 89' lang='lat' dir='ltr'>testandi</span> <span class='ocrx_word' id='word_1_389' title='bbox 1579 1440 1632 1488; x_wconf 82' lang='lat' dir='ltr'>jus</span> <span class='ocrx_word' id='word_1_390' title='bbox 1673 1439 1722 1476; x_wconf 90' lang='lat' dir='ltr'>eis</span> <span class='ocrx_word' id='word_1_391' title='bbox 1763 1439 1864 1477; x_wconf 76' lang='lat' dir='ltr'>fuiss‘e</span> 
     </span>
     <span class='ocr_line' id='line_1_75' title="bbox 1103 1489 1863 1538; baseline 0.004 -14"><span class='ocrx_word' id='word_1_392' title='bbox 1103 1489 1282 1527; x_wconf 80' lang='lat' dir='ltr'>ablatum,</span> <span class='ocrx_word' id='word_1_393' title='bbox 1317 1503 1508 1538; x_wconf 88' lang='lat' dir='ltr'>eorumque</span> <span class='ocrx_word' id='word_1_394' title='bbox 1545 1490 1691 1538; x_wconf 89' lang='lat' dir='ltr'>proinde</span> <span class='ocrx_word' id='word_1_395' title='bbox 1728 1491 1863 1528; x_wconf 80' lang='lat' dir='ltr'>heredi-</span> 
     </span>
     <span class='ocr_line' id='line_1_76' title="bbox 1102 1541 1866 1589; baseline 0.005 -15"><span class='ocrx_word' id='word_1_396' title='bbox 1102 1549 1211 1575; x_wconf 87' lang='lat' dir='ltr'>tatem</span> <span class='ocrx_word' id='word_1_397' title='bbox 1239 1541 1280 1575; x_wconf 90' lang='lat' dir='ltr'>ad</span> <span class='ocrx_word' id='word_1_398' title='bbox 1311 1542 1480 1576; x_wconf 84' lang='lat' dir='ltr'>Patronos</span> <span class='ocrx_word' id='word_1_399' title='bbox 1516 1542 1647 1589; x_wconf 88' lang='lat' dir='ltr'>peculii</span> <span class='ocrx_word' id='word_1_400' title='bbox 1682 1541 1724 1577; x_wconf 86' lang='lat' dir='ltr'>ad</span> <span class='ocrx_word' id='word_1_401' title='bbox 1760 1541 1866 1578; x_wconf 82' lang='lat' dir='ltr'>instar</span> 
     </span>
     <span class='ocr_line' id='line_1_77' title="bbox 1072 1590 1862 1638; baseline 0.004 -13"><span class='ocrx_word' id='word_1_402' title='bbox 1072 1590 1312 1638; x_wconf 51' lang='lat' dir='ltr'>&#39;perveniffffi</span> <span class='ocrx_word' id='word_1_403' title='bbox 1355 1592 1470 1627; x_wconf 67' lang='lat' dir='ltr'>Unica</span> <span class='ocrx_word' id='word_1_404' title='bbox 1505 1591 1715 1628; x_wconf 68' lang='lat' dir='ltr'>austoritate</span> <span class='ocrx_word' id='word_1_405' title='bbox 1755 1604 1862 1634; x_wconf 85' lang='lat' dir='ltr'>utar,</span> 
     </span>
    </p>
   </div>
   <div class='ocr_carea' id='block_1_14' title="bbox 1077 852 1082 1009">
    <p class='ocr_par' dir='ltr' id='par_1_15' title="bbox 1077 852 1082 1009">
     <span class='ocr_line' id='line_1_78' title="bbox 1077 852 1082 1009; baseline 0 2018"><span class='ocrx_word' id='word_1_406' title='bbox 1077 852 1082 1009; x_wconf 95' lang='lat' dir='ltr'> </span> 
     </span>
    </p>
   </div>
   <div class='ocr_carea' id='block_1_15' title="bbox 1072 1018 1076 1194">
    <p class='ocr_par' dir='ltr' id='par_1_16' title="bbox 1072 1018 1076 1194">
     <span class='ocr_line' id='line_1_79' title="bbox 1072 1018 1076 1194; baseline 0 0"><span class='ocrx_word' id='word_1_407' title='bbox 1072 1018 1076 1194; x_wconf 95' lang='lat' dir='ltr'> </span> 
     </span>
    </p>
   </div>
   <div class='ocr_carea' id='block_1_16' title="bbox 1015 1642 1862 1691">
    <p class='ocr_par' dir='ltr' id='par_1_17' title="bbox 1015 1642 1862 1691">
     <span class='ocr_line' id='line_1_80' title="bbox 1015 1642 1862 1691; baseline 0.001 -13"><span class='ocrx_word' id='word_1_408' title='bbox 1015 1644 1064 1682; x_wconf 82' lang='lat' dir='ltr'>‚D</span> <span class='ocrx_word' id='word_1_409' title='bbox 1102 1654 1227 1690; x_wconf 88' lang='lat' dir='ltr'>nempe</span> <span class='ocrx_word' id='word_1_410' title='bbox 1255 1644 1351 1691; x_wconf 86' lang='lat' dir='ltr'>Lege</span> <span class='ocrx_word' id='word_1_411' title='bbox 1379 1642 1490 1691; x_wconf 69' lang='lat' dir='ltr'>prima</span> <span class='ocrx_word' id='word_1_412' title='bbox 1514 1644 1604 1678; x_wconf 86' lang='lat' dir='ltr'>cod.</span> <span class='ocrx_word' id='word_1_413' title='bbox 1623 1643 1862 1680; x_wconf 82' lang='lat' dir='ltr'>Theodofiani</span> 
     </span>
    </p>
   </div>
   <div class='ocr_carea' id='block_1_17' title="bbox 1100 1693 1865 2088">
    <p class='ocr_par' dir='ltr' id='par_1_18' title="bbox 1100 1693 1865 2088">
     <span class='ocr_line' id='line_1_81' title="bbox 1101 1693 1865 1741; baseline 0.003 -14"><span class='ocrx_word' id='word_1_414' title='bbox 1101 1693 1181 1727; x_wconf 85' lang='lat' dir='ltr'>Tit.</span> <span class='ocrx_word' id='word_1_415' title='bbox 1215 1693 1257 1727; x_wconf 91' lang='lat' dir='ltr'>de</span> <span class='ocrx_word' id='word_1_416' title='bbox 1296 1693 1473 1732; x_wconf 83' lang='lat' dir='ltr'>Libertis‚</span> <span class='ocrx_word' id='word_1_417' title='bbox 1513 1696 1550 1730; x_wconf 89' lang='lat' dir='ltr'>in</span> <span class='ocrx_word' id='word_1_418' title='bbox 1588 1707 1655 1741; x_wconf 87' lang='lat' dir='ltr'>qua</span> <span class='ocrx_word' id='word_1_419' title='bbox 1690 1694 1865 1729; x_wconf 38' lang='lat' dir='ltr'>constan*</span> 
     </span>
     <span class='ocr_line' id='line_1_82' title="bbox 1102 1742 1864 1791; baseline 0.004 -14"><span class='ocrx_word' id='word_1_420' title='bbox 1102 1742 1200 1778; x_wconf 88' lang='lat' dir='ltr'>tinus</span> <span class='ocrx_word' id='word_1_421' title='bbox 1241 1745 1393 1791; x_wconf 74' lang='lat' dir='ltr'>Magnus</span> <span class='ocrx_word' id='word_1_422' title='bbox 1427 1743 1510 1779; x_wconf 89' lang='lat' dir='ltr'>haec</span> <span class='ocrx_word' id='word_1_423' title='bbox 1546 1743 1686 1779; x_wconf 81' lang='lat' dir='ltr'>statuit:</span> <span class='ocrx_word' id='word_1_424' title='bbox 1725 1744 1864 1780; x_wconf 72' lang='lat' dir='ltr'>Libe-rtis</span> 
     </span>
     <span class='ocr_line' id='line_1_83' title="bbox 1103 1794 1862 1839; baseline 0.003 -12"><span class='ocrx_word' id='word_1_425' title='bbox 1103 1794 1239 1839; x_wconf 74' lang='lat' dir='ltr'>ingratIs</span> <span class='ocrx_word' id='word_1_426' title='bbox 1267 1795 1301 1827; x_wconf 85' lang='lat' dir='ltr'>in</span> <span class='ocrx_word' id='word_1_427' title='bbox 1328 1795 1455 1829; x_wconf 54' lang='lat' dir='ltr'>tandem</span> <span class='ocrx_word' id='word_1_428' title='bbox 1488 1794 1564 1837; x_wconf 77' lang='lat' dir='ltr'>jura</span> <span class='ocrx_word' id='word_1_429' title='bbox 1598 1795 1733 1839; x_wconf 83' lang='lat' dir='ltr'>adversa</span> <span class='ocrx_word' id='word_1_430' title='bbox 1767 1795 1862 1838; x_wconf 74' lang='lat' dir='ltr'>sunt,</span> 
     </span>
     <span class='ocr_line' id='line_1_84' title="bbox 1102 1843 1863 1890; baseline 0.004 -12"><span class='ocrx_word' id='word_1_431' title='bbox 1102 1855 1138 1878; x_wconf 83' lang='lat' dir='ltr'>ut</span> <span class='ocrx_word' id='word_1_432' title='bbox 1157 1843 1190 1884; x_wconf 87' lang='lat' dir='ltr'><em>fi</em></span> <span class='ocrx_word' id='word_1_433' title='bbox 1215 1847 1350 1890; x_wconf 84' lang='lat' dir='ltr'>quadam</span> <span class='ocrx_word' id='word_1_434' title='bbox 1381 1845 1545 1890; x_wconf 61' lang='lat' dir='ltr'>jaffantid</span> <span class='ocrx_word' id='word_1_435' title='bbox 1581 1847 1634 1879; x_wconf 80' lang='lat' dir='ltr'>vel</span> <span class='ocrx_word' id='word_1_436' title='bbox 1670 1848 1863 1881; x_wconf 54' lang='lat' dir='ltr'>contumacia&amp;</span> 
     </span>
     <span class='ocr_line' id='line_1_85' title="bbox 1101 1890 1863 1942; baseline 0.003 -14"><span class='ocrx_word' id='word_1_437' title='bbox 1101 1895 1231 1928; x_wconf 71' lang='lat' dir='ltr'>cervices</span> <span class='ocrx_word' id='word_1_438' title='bbox 1258 1896 1429 1934; x_wconf 71' lang='lat' dir='ltr'>erexerint,</span> <span class='ocrx_word' id='word_1_439' title='bbox 1448 1907 1504 1930; x_wconf 82' lang='lat' dir='ltr'>aut</span> <span class='ocrx_word' id='word_1_440' title='bbox 1530 1890 1612 1930; x_wconf 68' lang='lat' dir='ltr'>levis</span> <span class='ocrx_word' id='word_1_441' title='bbox 1636 1895 1770 1942; x_wconf 71' lang='lat' dir='ltr'>offensae</span> <span class='ocrx_word' id='word_1_442' title='bbox 1790 1910 1863 1930; x_wconf 77' lang='lat' dir='ltr'>con-</span> 
     </span>
     <span class='ocr_line' id='line_1_86' title="bbox 1102 1946 1862 1993; baseline 0.005 -14"><span class='ocrx_word' id='word_1_443' title='bbox 1102 1946 1258 1980; x_wconf 77' lang='lat' dir='ltr'>traxerint</span> <span class='ocrx_word' id='word_1_444' title='bbox 1283 1947 1427 1993; x_wconf 72' lang='lat' dir='ltr'>culpam,</span> <span class='ocrx_word' id='word_1_445' title='bbox 1453 1948 1474 1980; x_wconf 74' lang='grc' dir='ltr'><em>ἃ</em></span> <span class='ocrx_word' id='word_1_446' title='bbox 1500 1947 1649 1981; x_wconf 81' lang='lat' dir='ltr'>Patronis</span> <span class='ocrx_word' id='word_1_447' title='bbox 1677 1947 1782 1990; x_wconf 84' lang='lat' dir='ltr'>rursus</span> <span class='ocrx_word' id='word_1_448' title='bbox 1802 1946 1862 1991; x_wconf 80' lang='lat' dir='ltr'>sub</span> 
     </span>
     <span class='ocr_line' id='line_1_87' title="bbox 1102 1995 1861 2044; baseline 0.003 -16"><span class='ocrx_word' id='word_1_449' title='bbox 1102 1995 1233 2042; x_wconf 77' lang='lat' dir='ltr'>imperia</span> <span class='ocrx_word' id='word_1_450' title='bbox 1258 1997 1467 2044; x_wconf 80' lang='lat' dir='ltr'>ditionemque</span> <span class='ocrx_word' id='word_1_451' title='bbox 1493 1998 1681 2034; x_wconf 71' lang='lat' dir='ltr'>mittantur,</span> <span class='ocrx_word' id='word_1_452' title='bbox 1708 1999 1793 2043; x_wconf 78' lang='lat' dir='ltr'>Quo</span> <span class='ocrx_word' id='word_1_453' title='bbox 1821 1997 1861 2033; x_wconf 82' lang='lat' dir='ltr'>in</span> 
     </span>
     <span class='ocr_line' id='line_1_88' title="bbox 1100 2045 1860 2088; baseline 0.004 -7"><span class='ocrx_word' id='word_1_454' title='bbox 1100 2047 1182 2081; x_wconf 87' lang='lat' dir='ltr'>loco</span> <span class='ocrx_word' id='word_1_455' title='bbox 1221 2045 1312 2082; x_wconf 85' lang='lat' dir='ltr'>foret</span> <span class='ocrx_word' id='word_1_456' title='bbox 1352 2047 1580 2084; x_wconf 88' lang='lat' dir='ltr'>Libertorum</span> <span class='ocrx_word' id='word_1_457' title='bbox 1624 2047 1786 2088; x_wconf 82' lang='lat' dir='ltr'>fortuna,</span> <span class='ocrx_word' id='word_1_458' title='bbox 1825 2049 1860 2084; x_wconf 73' lang='grc'>8(</span> 
     </span>
    </p>
   </div>
   <div class='ocr_carea' id='block_1_18' title="bbox 1026 2096 1860 2298">
    <p class='ocr_par' dir='ltr' id='par_1_19' title="bbox 1026 2096 1860 2298">
     <span class='ocr_line' id='line_1_89' title="bbox 1026 2096 1860 2145; baseline 0.004 -14"><span class='ocrx_word' id='word_1_459' title='bbox 1026 2099 1072 2132; x_wconf 80' lang='lat' dir='ltr'>E·</span> <span class='ocrx_word' id='word_1_460' title='bbox 1101 2110 1205 2144; x_wconf 85' lang='lat' dir='ltr'>quarn</span> <span class='ocrx_word' id='word_1_461' title='bbox 1234 2096 1339 2133; x_wconf 85' lang='lat' dir='ltr'>facile</span> <span class='ocrx_word' id='word_1_462' title='bbox 1373 2098 1419 2133; x_wconf 85' lang='lat' dir='ltr'>iis</span> <span class='ocrx_word' id='word_1_463' title='bbox 1455 2098 1556 2134; x_wconf 87' lang='lat' dir='ltr'>litem</span> <span class='ocrx_word' id='word_1_464' title='bbox 1598 2099 1754 2134; x_wconf 87' lang='lat' dir='ltr'>excitare</span> <span class='ocrx_word' id='word_1_465' title='bbox 1780 2098 1860 2145; x_wconf 87' lang='lat' dir='ltr'>pos-</span> 
     </span>
     <span class='ocr_line' id='line_1_90' title="bbox 1069 2131 1860 2198; baseline 0.005 -15.99"><span class='ocrx_word' id='word_1_466' title='bbox 1069 2131 1074 2179; x_wconf 69' lang='lat' dir='ltr'>l</span> <span class='ocrx_word' id='word_1_467' title='bbox 1100 2146 1173 2183; x_wconf 89' lang='lat' dir='ltr'>sent</span> <span class='ocrx_word' id='word_1_468' title='bbox 1199 2147 1361 2188; x_wconf 83' lang='lat' dir='ltr'>Patroni,</span> <span class='ocrx_word' id='word_1_469' title='bbox 1383 2148 1465 2184; x_wconf 87' lang='lat' dir='ltr'>hinc</span> <span class='ocrx_word' id='word_1_470' title='bbox 1485 2148 1742 2198; x_wconf 84' lang='lat' dir='ltr'>intelligimus.</span> <span class='ocrx_word' id='word_1_471' title='bbox 1765 2151 1860 2186; x_wconf 90' lang='lat' dir='ltr'>Lan-</span> 
     </span>
     <span class='ocr_line' id='line_1_91' title="bbox 1067 2198 1859 2247; baseline 0.004 -14"><span class='ocrx_word' id='word_1_472' title='bbox 1067 2198 1298 2245; x_wconf 70' lang='lat' dir='ltr'>}gobardicis</span> <span class='ocrx_word' id='word_1_473' title='bbox 1336 2209 1453 2235; x_wconf 89' lang='lat' dir='ltr'>tamen</span> <span class='ocrx_word' id='word_1_474' title='bbox 1495 2209 1598 2247; x_wconf 79' lang='lat' dir='ltr'>atque</span> <span class='ocrx_word' id='word_1_475' title='bbox 1642 2199 1859 2247; x_wconf 83' lang='lat' dir='ltr'>subsequutis</span> 
     </span>
     <span class='ocr_line' id='line_1_92' title="bbox 1068 2249 1859 2298; baseline 0.004 -13.996"><span class='ocrx_word' id='word_1_476' title='bbox 1068 2266 1071 2280; x_wconf 73' lang='lat' dir='ltr'>v</span> <span class='ocrx_word' id='word_1_477' title='bbox 1100 2249 1234 2284; x_wconf 83' lang='lat' dir='ltr'>Seculis</span> <span class='ocrx_word' id='word_1_478' title='bbox 1262 2261 1330 2284; x_wconf 90' lang='lat' dir='ltr'>non</span> <span class='ocrx_word' id='word_1_479' title='bbox 1358 2251 1438 2298; x_wconf 84' lang='lat' dir='ltr'>lego</span> <span class='ocrx_word' id='word_1_480' title='bbox 1462 2250 1651 2287; x_wconf 72' lang='lat' dir='ltr'>obtinuisse</span> <span class='ocrx_word' id='word_1_481' title='bbox 1675 2251 1859 2287; x_wconf 84' lang='lat' dir='ltr'>consuetu-</span> 
     </span>
    </p>
   </div>
   <div class='ocr_carea' id='block_1_19' title="bbox 1068 2299 1857 2644">
    <p class='ocr_par' dir='ltr' id='par_1_20' title="bbox 1068 2299 1857 2644">
     <span class='ocr_line' id='line_1_93' title="bbox 1068 2299 1857 2350; baseline 0.004 -16"><span class='ocrx_word' id='word_1_482' title='bbox 1068 2299 1071 2338; x_wconf 72' lang='lat'><strong>!</strong></span> <span class='ocrx_word' id='word_1_483' title='bbox 1098 2299 1216 2335; x_wconf 88' lang='lat' dir='ltr'>dinem</span> <span class='ocrx_word' id='word_1_484' title='bbox 1237 2300 1357 2340; x_wconf 80' lang='lat' dir='ltr'>istam,</span> <span class='ocrx_word' id='word_1_485' title='bbox 1384 2300 1452 2336; x_wconf 88' lang='lat' dir='ltr'>five</span> <span class='ocrx_word' id='word_1_486' title='bbox 1474 2303 1630 2350; x_wconf 72' lang='lat' dir='ltr'>Legem3</span> <span class='ocrx_word' id='word_1_487' title='bbox 1655 2301 1717 2349; x_wconf 89' lang='lat' dir='ltr'>qui</span> <span class='ocrx_word' id='word_1_488' title='bbox 1738 2302 1857 2342; x_wconf 89' lang='lat' dir='ltr'>enim,</span> 
     </span>
     <span class='ocr_line' id='line_1_94' title="bbox 1069 2341 1854 2401; baseline 0.005 -16"><span class='ocrx_word' id='word_1_489' title='bbox 1069 2341 1180 2391; x_wconf 69' lang='lat' dir='ltr'>idum</span> <span class='ocrx_word' id='word_1_490' title='bbox 1224 2364 1291 2386; x_wconf 90' lang='lat' dir='ltr'>non</span> <span class='ocrx_word' id='word_1_491' title='bbox 1321 2361 1442 2386; x_wconf 78' lang='lat' dir='ltr'>contra</span> <span class='ocrx_word' id='word_1_492' title='bbox 1472 2353 1584 2401; x_wconf 79' lang='lat' dir='ltr'>leges,</span> <span class='ocrx_word' id='word_1_493' title='bbox 1619 2352 1755 2401; x_wconf 68' lang='lat' dir='ltr'>integra</span> <span class='ocrx_word' id='word_1_494' title='bbox 1791 2353 1854 2390; x_wconf 89' lang='lat' dir='ltr'>Li-</span> 
     </span>
     <span class='ocr_line' id='line_1_95' title="bbox 1098 2398 1852 2452; baseline 0.004 -15.889"><span class='ocrx_word' id='word_1_495' title='bbox 1098 2402 1233 2437; x_wconf 82' lang='lat' dir='ltr'>bertate</span> <span class='ocrx_word' id='word_1_496' title='bbox 1259 2402 1407 2437; x_wconf 85' lang='lat' dir='ltr'>donatus</span> <span class='ocrx_word' id='word_1_497' title='bbox 1433 2414 1531 2442; x_wconf 82' lang='lat' dir='ltr'>erat,</span> <span class='ocrx_word' id='word_1_498' title='bbox 1560 2402 1625 2439; x_wconf 84' lang='lat' dir='ltr'>hac</span> <span class='ocrx_word' id='word_1_499' title='bbox 1644 2403 1712 2439; x_wconf 84' lang='lat' dir='ltr'>frui</span> <span class='ocrx_word' id='word_1_500' title='bbox 1735 2398 1852 2452; x_wconf 64' lang='lat' dir='ltr'>perge-&#39;-</span> 
     </span>
     <span class='ocr_line' id='line_1_96' title="bbox 1070 2449 1852 2500; baseline 0.005 -14"><span class='ocrx_word' id='word_1_501' title='bbox 1070 2449 1072 2457; x_wconf 77' lang='grc'><em>’</em></span> <span class='ocrx_word' id='word_1_502' title='bbox 1097 2453 1176 2487; x_wconf 82' lang='lat' dir='ltr'>bat.</span> <span class='ocrx_word' id='word_1_503' title='bbox 1206 2455 1330 2498; x_wconf 85' lang='lat' dir='ltr'>Neque</span> <span class='ocrx_word' id='word_1_504' title='bbox 1356 2452 1477 2488; x_wconf 79' lang='lat' dir='ltr'>iisdem</span> <span class='ocrx_word' id='word_1_505' title='bbox 1508 2454 1725 2500; x_wconf 73' lang='lat' dir='ltr'>temporibus</span> <span class='ocrx_word' id='word_1_506' title='bbox 1748 2455 1852 2490; x_wconf 87' lang='lat' dir='ltr'>audi&#39;o</span> 
     </span>
     <span class='ocr_line' id='line_1_97' title="bbox 1096 2503 1852 2548; baseline 0.005 -10"><span class='ocrx_word' id='word_1_507' title='bbox 1096 2503 1261 2538; x_wconf 57' lang='lat' dir='ltr'>Libertini</span> <span class='ocrx_word' id='word_1_508' title='bbox 1282 2504 1403 2548; x_wconf 64' lang='lat' dir='ltr'>generis</span> <span class='ocrx_word' id='word_1_509' title='bbox 1431 2504 1586 2540; x_wconf 58' lang='lat' dir='ltr'>h2biram</span> <span class='ocrx_word' id='word_1_510' title='bbox 1615 2505 1714 2541; x_wconf 67' lang='lat' dir='ltr'>fuisse</span> <span class='ocrx_word' id='word_1_511' title='bbox 1744 2506 1852 2541; x_wconf 88' lang='lat' dir='ltr'>ratio-</span> 
     </span>
     <span class='ocr_line' id='line_1_98' title="bbox 1094 2554 1852 2606; baseline 0.003 -16"><span class='ocrx_word' id='word_1_512' title='bbox 1094 2566 1198 2594; x_wconf 80' lang='lat' dir='ltr'>nem,</span> <span class='ocrx_word' id='word_1_513' title='bbox 1225 2554 1279 2592; x_wconf 85' lang='lat' dir='ltr'>uti</span> <span class='ocrx_word' id='word_1_514' title='bbox 1307 2554 1477 2592; x_wconf 84' lang='lat' dir='ltr'>Romanis</span> <span class='ocrx_word' id='word_1_515' title='bbox 1503 2556 1777 2606; x_wconf 85' lang='lat' dir='ltr'>Imperatoribus</span> <span class='ocrx_word' id='word_1_516' title='bbox 1801 2556 1852 2593; x_wconf 81' lang='lat' dir='ltr'>so-</span> 
     </span>
     <span class='ocr_line' id='line_1_99' title="bbox 1722 2607 1806 2644; baseline 0.012 -1"><span class='ocrx_word' id='word_1_517' title='bbox 1722 2607 1806 2644; x_wconf 83' lang='lat' dir='ltr'>lici-</span> 
     </span>
    </p>
   </div>
  </div>
 </body>
</html>
