2185 3027
296 222 377 262 709

588 203 629 247 D
637 200 855 245 288ERTA
862 203 952 245 Tio
993 203 1480 260 QffiCsADECfflM
1495 216 1507 248 .“

1720 227 1803 269 710

346 335 600 380 Manumiffio
631 334 781 391 Aregifi
813 336 945 390 Servi,
980 336 1133 393 ejusque
1164 333 1334 386 Uxoris,
1363 338 1401 377 &
1433 336 1627 381 Filiorum
1657 338 1758 383 fausta

577 394 600 435 a
630 395 863 450 Berengario
895 399 913 436 1
945 399 1056 451 Rege
1088 394 1250 447 ltaliae,
1281 397 1402 434 Anno
1430 411 1530 449 912.

293 515 327 547 N
351 512 471 547 nomine
512 511 644 546 Domini
678 511 744 546 Det‘
776 513 897 547 eterni.
934 516 994 547 Be-

317 564 477 610 rengarius
499 573 610 608 grana
636 562 700 596 Dei
734 566 826 598 Rex.
863 563 997 596 Noverit

244 613 344 659 igitur
369 613 504 646 omnium
522 611 673 655 fidelium
694 612 822 656 sanHae
849 614 912 646 Dei
934 616 998 647 Ec-

244 663 370 704 clesiae,
404 664 627 708 nostrorumque
651 662 861 707 praesentium
880 663 999 706 scilicet

245 726 282 748 ac
303 713 481 755 futurorum
508 712 684 754 industria,
714 724 768 745 nos
790 723 847 758 pro
873 713 937 747 Dei
963 727 999 747 a-

248 776 327 796 mere
357 763 399 795 Θ
428 764 558 796 remedio
592 762 717 796 animae
753 762 871 804 nostrae
905 777 1001 810 quen-

245 814 319 848 dam
347 836 369 851 ‚‚
398 815 541 848 Servum
569 811 720 847 nostrum
738 840 748 857 ‚
777 813 921 848 nomine
949 816 1001 848 A-

248 889 271 906 „
299 862 470 910 regisum,
507 875 585 897 cum
624 876 731 897 uxore
767 862 824 897 sua
852 855 1027 911 Adeliml

248 940 271 956 ‚,
300 912 362 956 da,
400 914 434 947 ὃ(
465 913 541 948 filio
572 912 630 948 suo
659 912 863 956 Adelardo‚
900 915 933 948 &
962 913 1027 948 fi-¹

248 990 271 1007 „
301 962 347 996 lia
375 963 448 1010 ejus
476 962 619 998 nomine
648 965 795 1012 Ingeza,
835 964 876 998 ab
904 964 1003 999 omni

246 1012 477 1057 „servitutis
519 1013 691 1061 ligamine
735 1013 923 1057 liberasse,
967 1015 1000 1049 δε

247 1090 270 1107 ,,
301 1065 472 1110 Ingenuos
512 1062 698 1106 dimisisse,
735 1064 768 1097 &
797 1077 815 1098 a
843 1064 1002 1099 manibus

250 1139 274 1157 „
302 1126 420 1147 eorum
458 1113 641 1148 secundnm
680 1113 824 1161 Regiam
862 1114 1003 1150 consue-

249 1189 274 1207 „
302 1162 459 1197 tudinem
504 1165 662 1210 publicae
701 1173 860 1199 monetae
899 1165 1003 1199 dena-

249 1240 273 1258 „
300 1212 392 1247 rium
435 1212 631 1255 excuffiffe,
669 1213 785 1259 eisque
823 1227 882 1261 per
918 1228 1003 1261 qua-

250 1290 274 1308 „
303 1272 383 1298 tuor
408 1264 553 1310 angulos
580 1262 686 1297 Orbis
717 1263 861 1297 liberam
894 1263 1003 1298 facul—

249 1340 272 1357 „
300 1322 407 1348 tatem
437 1313 563 1356 eundi,
591 1327 630 1349 ac
654 1312 818 1348 redeundi
848 1312 1003 1360 praesen-

248 1390 272 1407 „
301 1362 347 1399 tis
374 1362 595 1399 aussoritatis
631 1363 757 1411 pagina
785 1362 1001 1405 conceffiffe,

1035 513 1070 548 A

1045 963 1072 995 Β

1083 1269 1089 1401 1

1109 537 1134 555 ‚,
1160 515 1330 558 quatenus
1360 508 1563 556 potestative
1589 513 1624 548 ὃς
1661 514 1769 551 libere
1806 516 1861 552 in„

1110 588 1134 606 ‚,
1162 560 1286 595 cedant
1306 571 1526 606 quocumque
1547 564 1746 608 voluerint,
1773 574 1863 601 ram-

1110 638 1134 656 „
1162 623 1266 658 quam
1307 609 1416 644 Miles
1458 610 1617 657 publicus
1642 640 1651 656 ‚
1694 615 1862 663 Civisque

1110 687 1134 706 ‚,
1164 663 1360 696 Romanus.
1393 659 1452 694 Ad
1479 660 1751 699 confirmandam
1782 679 1864 701 vero

1110 738 1133 756 „
1162 725 1282 746 eorum
1297 711 1515 747 Libertatem
1540 712 1790 759 perdonamus,
1813 725 1865 751 at*

1111 788 1134 805 ‚,
1162 775 1228 809 que
1255 761 1425 809 largimur
1450 760 1500 796 eis
1539 775 1597 809 per
1632 762 1699 799 hoc
1736 765 1866 801 nosti-ae

1111 839 1135 856 ‚‚
1163 811 1427 847 Denariationis
1466 813 1693 860 Praeceptum
1724 823 1867 851 ornnem

1111 889 1134 906 ,‚
1163 862 1383 898 substantiam
1406 862 1440 896 &
1468 861 1744 910 suppelleRilem
1773 866 1868 901 suam

1112 939 1135 957 ‚,
1163 913 1332 948 mobilem
1361 913 1394 947 ὃ(
1432 912 1681 957 immobilem,
1719 915 1870 963 adquifi·

1114 989 1139 1007 ‚,
1166 971 1238 997 tam
1266 964 1299 997 8<
1329 961 1576 1009 adquirendam
1594 990 1603 1006 ‚
1631 973 1800 1011 quatenus
1827 967 1869 1002 de

1116 1040 1140 1057 ‚‚
1167 1014 1331 1048 omnibus
1358 1025 1478 1048 eorum
1515 1011 1710 1048 substantiis
1746 1015 1797 1050 ita
1824 1016 1870 1051 li—

1116 1090 1140 1108 „
1169 1064 1246 1098 bere
1273 1064 1306 1097 &
1335 1062 1540 1111 potestative
1575 1062 1613 1098 in
1644 1064 1806 1101 omnibus
1834 1068 1870 1102 δε

1116 1140 1141 1158 ,,
1169 1127 1228 1161 per
1263 1113 1382 1148 omnia
1420 1112 1572 1158 faciant,
1609 1122 1788 1160 tamquam
1827 1117 1869 1152 ab

1116 1190 1140 1208 ‚‚
1169 1164 1306 1198 idoneis
1331 1164 1365 1198 ὃ(
1394 1162 1555 1210 ingenuis
1582 1162 1784 1200 hominibus
1811 1180 1873 1200 na-

1115 1238 1141 1255 „
1168 1212 1198 1246 ti
1227 1214 1283 1246 vel
1312 1211 1484 1258 procreati
1512 1211 1697 1247 extiterint
1715 1241 1725 1256 ‚
1761 1216 1873 1261 absque

1116 1261 1218 1303 nostra
1234 1285 1243 1299 ‚
1280 1261 1504 1307 nostrorumque
1536 1262 1658 1295 eredum
1685 1277 1720 1297 ac
1751 1270 1874 1310 proere-

1116 1314 1189 1346 dum
1215 1310 1479 1346 contradic'lione.
1514 1311 1554 1345 Si
1579 1312 1649 1357 quis
1677 1313 1777 1360 igitur
1803 1319 1871 1353 ἕνα.

806 1468 829 1502 3

343 1559 476 1607 §Ignum
503 1559 622 1595 Domm⁸
704 1472 932 1683 Ν
1015 1559 1205 1607 Berengarii
1225 1560 1413 1607 serem'ffi'mt'
1439 1561 1564 1609 Regis.

1105 1713 1223 1747 Locus
1250 1712 1369 1761 sigilii
1397 1715 1440 1758 ’ξε
1461 1712 1550 1749 cerei
1577 1712 1768 1764 deperditi.

289 1810 454 1855 johannes
481 1809 635 1845 Notarius
656 1810 744 1858 juffu
774 1814 879 1861 Regio
906 1811 1070 1859 recognovi
1096 1811 1142 1850 εἴ)
1163 1812 1352 1859 subscripsi.

299 1910 391 1946 Affla
418 1912 472 1944 IV.
501 1912 667 1946 Kalendas
695 1913 858 1953 O‘Jobris,
887 1917 987 1949 Anno
1014 1913 1197 1947 Dominicae
1225 1912 1455 1948 Incarnationis
1491 1917 1716 1953 DCCCCXII.
1743 1919 1876 1956 Domini

348 1972 421 1994 vero
448 1962 637 2008 Berengarii
655 1964 840 2009 serenissimi
866 1965 967 2012 Regis
994 1966 1096 1998 XXV.
1124 1963 1301 1998 Indiffiione
1326 1966 1354 2000 I.

251 2057 375 2097 ASum
402 2061 521 2109 Papiae
547 2061 581 2096 t‘n
608 2063 725 2106 christi
751 2065 872 2100 nomine
894 2065 1048 2110 feliciter.
1074 2067 1203 2100 Amen.

293 2159 567 2198 Animadvertas
582 2164 689 2200 velim
710 2167 915 2202 Inda-”sionem
931 2169 1007 2203 Pri-
1046 2167 1077 2202 C
1118 2165 1248 2214 legitur
1274 2165 1353 2201 heic
1393 2165 1539 2202 facultas
1579 2167 1794 2206 manumiffis
1829 2171 1875 2208 iis

253 2223 335 2245 mam
362 2210 439 2246 heic
466 2211 630 2260 signatam
652 2216 784 2251 cursum
811 2217 906 2254 suum
929 2232 1007 2255 coe-

250 2259 335 2307 piffe
363 2263 555 2307 Septembri
583 2265 698 2301 mense
724 2268 822 2301 Anni
840 2271 1005 2304 DCCCC—

250 2313 326 2344 XII.
355 2310 534 2359 ipsumque
562 2315 732 2363 Diploma
760 2318 877 2353 datum
908 2319 1007 2355 fuiffe

250 2360 392 2406 Papiae.
423 2361 483 2397 Ista
511 2364 629 2401 confer
656 2380 735 2403 cum
763 2368 842 2404 aliis
863 2369 1007 2406 Charris

253 2408 272 2444 ὲ
287 2422 341 2445 me
353 2411 580 2457 producendis
596 2414 632 2449 in
649 2417 824 2454 Differtat.
843 2422 1006 2456 XXXIV.

249 2463 289 2494 de
330 2462 524 2508 Diplomatis
544 2489 552 2498 .
596 2466 733 2503 Praeter
774 2470 1006 2506 excussionem

248 2509 382 2548 denarii
402 2512 572 2557 secundum
601 2517 737 2564 Regiam
762 2521 1008 2566 consuetudinem

1118 2216 1198 2252 data
1225 2216 1334 2252 libere
1361 2217 1456 2251 eundi
1481 2231 1516 2251 ac
1542 2220 1691 2253 redeundi
1717 2231 1772 2266 per
1797 2234 1878 2268 qua-

1119 2276 1187 2300 tuor
1213 2268 1345 2313 angulos
1371 2267 1481 2302 Orbis:
1512 2268 1605 2314 quod
1632 2271 1877 2315 Langobardi-

1119 2329 1198 2352 cum
1226 2317 1334 2352 ritum
1363 2331 1443 2366 prae
1462 2317 1494 2354 se
1513 2318 1601 2354 ferre
1627 2318 1785 2356 viderur.
1813 2323 1877 2358 Sed

1118 2368 1152 2402 8<
1180 2367 1260 2403 aliis
1290 2368 1505 2404 Nationibus
1526 2381 1596 2403 non
1618 2369 1785 2407 absimilis
1806 2371 1877 2409 fuit

1118 2417 1226 2453 ritus.
1247 2420 1363 2453 Immo
1378 2419 1411 2454 δ(
1428 2419 1569 2455 Latinis
1590 2420 1771 2467 antiquis,
1793 2421 1877 2459 scri-

1119 2469 1221 2505 bente
1250 2469 1375 2506 Plauto
1402 2469 1440 2505 in
1466 2470 1732 2508 Menoechmis:

1175 2571 1204 2606 Z
1229 2584 1250 2607 z
1303 2581 1325 2606 2
1731 2573 1827 2609 Liber
