2185 3027
289 234 368 273 329
556 211 1064 255 DISSERTATIO

218 280 302 309 omni
326 283 456 319 tempore
479 272 522 306 (θ’
541 271 682 307 omnibus
706 271 842 318 perfimis
863 271 971 315 serva·
999 270 1047 319 jA

217 336 269 365 re,
296 323 427 364 exceptis
451 323 586 369 publicis
611 323 787 357 latronibus
803 349 812 366 ,
841 322 884 356 Θ
911 323 971 356 ini·
1059 309 1063 373 1

216 373 304 408 micis
331 373 485 414 Ecclesiae
512 378 675 408 Romanae
703 374 744 407 Θ·
770 372 882 415 vestris
898 400 906 408 .
943 375 973 408 I·
1060 383 1063 390 ¹

214 434 252 458 ta
287 434 390 458 tamen
420 423 452 465 fi
480 424 614 468 sormam
647 424 878 471 peregrinorum
915 437 974 458 non

212 475 439 522 portaverint.
480 478 528 509 Ee
555 485 695 522 treguam
719 474 827 519 jurare
855 476 897 508 ΕΤ
923 477 973 509 ob-

211 525 342 570 servare
364 525 569 572 promisistis,
599 525 632 567 st
657 526 719 561 alii
746 536 898 571 compares
924 539 976 559 ve·

209 574 271 618 stri
291 574 506 621 juraverint,
534 577 577 610 (9⁶
603 575 859 621 observaverint.
898 580 979 610 Roc-

216 639 283 660 cam
317 626 430 660 Sanffi
465 627 620 674 Stephani
655 627 883 668 custodiendam
921 628 978 661 da-

216 689 285 709 mus
310 677 497 711 ,scarlatano
533 679 571 711 de
607 677 807 720 Radicosano
845 678 887 710 (9'
922 681 1004 711 Or·.

216 725 350 760 landino
371 726 470 770 fratri
489 727 567 772 suo,
596 728 639 761 &
657 727 747 772 filiis
774 728 904 772 BeliQi.
932 730 979 761 Et

211 775 243 818 fi
261 775 457 820 fidelitatem
484 778 571 812 nobis
591 777 746 821 fecerint„
774 791 840 812 cum
866 788 979 824 expen-

210 826 259 868 fis
285 827 396 869 vestris
428 838 482 874 per
517 828 652 875 quinque
677 829 835 863 continuos
861 841 977 863 annos.

1020 720 1048 754 B

216 927 252 962 in
271 927 377 968 strata
403 928 618 974 offenderitis,
640 929 683 963 (9⁴
710 930 794 973 infra
821 928 884 964 οὲῗο
909 931 978 963 dies

216 977 358 1024 requisiti
385 992 444 1012 non
480 980 744 1023 emendaveritis,
781 990 854 1013 tunc
887 990 977 1026 prae-

217 1028 381 1063 nominata
407 1033 508 1064 Rocca
534 1030 646 1064 Sanffli
665 1030 822 1077 Stephani
849 1030 881 1064 in
906 1029 977 1073 jure

218 1079 262 1111 <9⁴
287 1079 426 1112 dominio
461 1080 546 1114 beati
580 1081 671 1114 Petri
705 1081 843 1121 absolute
880 1094 976 1114 rema-

216 1137 290 1161 neat
306 1153 314 1161 .
340 1129 380 1161 Si
405 1141 479 1161 vero
506 1130 539 1161 in
566 1139 676 1175 tregua
702 1132 757 1164 vel
782 1142 888 1166 contra
913 1134 976 1165 Ho-

209 1176 365 1222 spitales,
394 1179 595 1223 Templares,
623 1179 779 1224 Clericos‚
808 1182 979 1216 Monachos

215 1227 431 1273 offenderitis,
460 1229 503 1261 Θ·
530 1228 616 1271 {nfra
641 1230 818 1276 quindecim
845 1232 913 1265 dies
933 1245 978 1265 re-

214 1276 324 1324 quisiti
352 1292 412 1311 non
439 1280 702 1323 emendaveritis,
741 1290 815 1315 tunc
847 1292 977 1327 praeno-

216 1327 342 1362 minata
369 1332 471 1363 Rocca
496 1329 611 1363 sanfti
649 1331 805 1377 Stephani
841 1331 874 1365 in
906 1320 1005 1375 jure¹¹

218 1378 261 1411 Θ·
287 1378 424 1412 dominio
450 1381 536 1415 beati
560 1380 650 1415 Petri
669 1392 844 1416 remaneat.
873 1382 978 1416 Eccle-

210 1428 278 1470 fias
295 1456 304 1472 ‚
332 1429 490 1474 Clericus,
527 1431 699 1466 Monachos
733 1433 772 1466 de
799 1436 898 1467 Terra
923 1446 978 1466 ve-

207 1479 280 1521 stra
307 1479 354 1514 ita
377 1480 529 1522 fovebitis
559 1483 601 1515 (9¹
622 1482 820 1525 servabitis,
836 1482 918 1524 sicut
944 1496 978 1516 a-

215 1529 255 1564 lii
282 1529 376 1571 nostri
404 1532 533 1564 Fideles
558 1532 630 1573 suas
659 1532 813 1571 Ecclesias
831 1557 840 1573 ,
877 1531 978 1563 Cleri-

216 1578 319 1623 cosque
339 1579 413 1621 suos
440 1580 483 1612 (J
509 1581 680 1614 Monacbos
700 1580 854 1624 ser-vant.
883 1579 980 1613 Nulli

215 1628 277 1663 alii
299 1627 353 1674 pio
382 1631 458 1662 Loco
484 1630 690 1673 conceffionem
727 1629 817 1671 istam
846 1630 878 1664 in
904 1640 978 1676 par-

216 1688 277 1712 tem
303 1679 357 1712 vel
385 1678 419 1712 in
445 1689 543 1713 totum
578 1680 700 1714 dabitis
734 1680 787 1714 vel
822 1680 978 1715 alienabi-

216 1729 281 1772 tis,
313 1742 366 1763 nec
392 1729 490 1764 alicui
506 1730 652 1777 personae
670 1731 813 1764 vendetis
828 1731 884 1775 seu
903 1731 980 1766 alie-

218 1779 337 1812 nabitis
350 1806 359 1822 ‚
371 1780 555 1826 priusquam
578 1783 698 1815 Domno
714 1785 822 1826 Papae
833 1809 842 1824 ‚
859 1782 914 1828 qui
926 1792 982 1827 pro

217 1839 349 1873 tempore
369 1829 491 1873 suerit,
521 1831 563 1863 &⁰
582 1830 718 1865 Sanfffae
738 1836 899 1866 Romanae
919 1835 981 1866 Ec·

216 1878 344 1922 clesiae,
375 1879 460 1924 justo
497 1881 646 1914 videlicet
679 1882 780 1927 pretio
816 1883 982 1916 minuendo

216 1930 248 1964 in
276 1929 435 1964 duodecim
462 1931 604 1965 denariis
628 1943 684 1977 pro
711 1946 896 1980 imaquaque
920 1933 977 1967 Li-

216 1982 291 2015 bra.
321 1981 416 2026 ‚Quod
435 1981 467 2022 si
493 1995 588 2015 emere
615 1983 658 2016 (φ
684 1983 906 2017 alienationem
929 1984 975 2030 ip-

212 2031 282 2076 sam
309 2032 437 2076 recipere
473 2033 606 2067 noluerit
623 2061 632 2076 ‚
668 2033 788 2068 dabitis·
814 2034 842 2068 ei
862 2034 974 2081 supra-

211 2081 362 2127 scriptum
390 2091 575 2118 commodum
593 2111 602 2126 ,
631 2085 673 2118 &¹
699 2085 844 2120 vendetis
864 2085 920 2129 seu
940 2098 973 2119 a·
1019 2088 1048 2121 E

217 2131 379 2166 lienabitis
405 2134 466 2167 tali
490 2135 636 2180 personae
652 2162 662 2177 ‚
690 2149 766 2182 quae
793 2135 880 2170 nobis
903 2136 974 2182 pla-

217 2192 302 2225 ceat,
333 2181 403 2222 sine
439 2185 594 2228 malitia‚·
625 2186 719 2230 salvo
754 2186 873 2232 semper
902 2186 975 2233 jure

218 2234 261 2267 (9⁸
286 2232 424 2267 dominio
450 2235 534 2269 beati
560 2237 649 2270 Petri
676 2238 719 2270 (9‘
745 2236 878 2272 Sanflae
908 2242 973 2272 Ro-

217 2297 327 2318 manae
355 2284 526 2325 Ecclesiae.
552 2289 703 2322 Guerram
733 2288 775 2322 Θ·
799 2299 903 2334 pacem
919 2300 975 2335 per

211 2335 358 2381 personas
383 2336 502 2377 vestras
528 2337 570 2370 (9⁶
591 2338 768 2384 praedictas
792 2343 905 2373 Terras
933 2340 976 2373 ad

219 2386 402 2421 mandatum
428 2387 569 2422 Romani
593 2388 759 2435 Pontificis
786 2390 830 2425 &²
856 2394 972 2426 Roma-

218 878 296 911 Tali
331 878 526 922 conditione,
562 880 644 925 quod
672 879 704 920 si
738 880 849 925 aliqua
885 880 978 913 causti
1060 896 1065 1055 Ι

1016 1177 1046 1210 C

1017 1624 1048 1656 D

1060 1062 1065 1103 Ι

1125 211 1165 252 U
1180 212 1221 253 N
1235 212 1276 253 D
1294 212 1326 253 E
1341 215 1372 253 C
1388 215 1411 254 I
1423 216 1470 255 M
1486 218 1528 257 A
1544 244 1555 258 .
1765 232 1790 257 ο

1093 284 1150 305 nae
1177 269 1331 311 Ecclesiae
1354 272 1476 313 facietis
1502 287 1557 307 vos
1579 274 1621 308 ξφ
1639 232 1846 318 filiiggellri.

1092 321 1178 355 Filii
1203 334 1275 355 vero
1304 322 1346 354 Θ·
1368 322 1475 367 generi
1501 324 1616 366 vestri,
1653 325 1707 370 qui
1733 327 1849 358 Terras

1093 371 1175 418 ipsas
1191 399 1200 416 ,
1226 382 1389 418 partemve
1416 384 1520 405 earum
1546 375 1710 413 tenebunt,
1739 375 1846 417 nobis,

1093 422 1258 469 nostrisque
1283 421 1444 456 catholicis
1467 421 1684 467 Successoribus
1699 423 1849 468 fidelita-

1092 483 1152 507 tem
1180 475 1220 506 (9-
1260 472 1453 516 hominium,
1486 484 1632 518 guerram
1669 474 1710 506 (9¹
1742 485 1848 520 pacem

1091 525 1135 558 ad
1155 526 1337 559 mandatum
1358 523 1511 567 nostrum,
1531 522 1753 569 nostrorumque
1772 527 1849 558 Suc-

1091 573 1230 619 cefforum
1246 574 1367 618 fact'ent
1378 588 1398 616 ‚·
1424 584 1565 619 treguam
1578 600 1587 617 ‚
1607 572 1743 614 stratam
1756 600 1765 616 ,
1786 577 1848 608 Ec.

1056 649 1060 657 .
1091 624 1196 666 elesias
1213 652 1222 669 ,
1252 624 1450 671 Hospitales,
1473 626 1652 665 Templares
1664 650 1674 667 ‚
1694 623 1849 667 Clericos‚

1092 677 1135 709 (9⁰
1161 676 1332 711 Monachos
1354 676 1387 720 se
1414 688 1473 709 non
1501 675 1654 721 offendere
1673 673 1849 718 jurabunt.

1091 726 1250 773 Alioquin
1271 726 1303 767 fi
1328 726 1382 772 qui
1418 726 1464 760 ita
1501 739 1560 759 non
1591 724 1747 769 fecerint,
1777 723 1851 764 five

1091 778 1168 824 quid
1193 778 1347 812 adversus
1373 790 1408 811 ea
1430 776 1561 820 fecerint
1587 777 1608 809 ὰ
1631 774 1703 820 jure
1731 773 1850 817 nostrae

1091 841 1174 862 conce
1198 828 1279 861 tonis
1305 837 1440 873 expertes
1460 827 1679 861 remanebunt.
1707 827 1773 859 Nos
1794 839 1852 859 au-

1091 888 1152 912 tem
1180 879 1222 911 (9⁶
1250 877 1343 921 nostri
1369 875 1549 921 Successores
1583 876 1747 920 defendere
1779 885 1852 922 pro-

1093 928 1245 962 rmttimus
1273 929 1314 963 ab
1337 928 1420 961 omni
1443 927 1585 970 homine,
1607 926 1638 967 fi
1657 923 1765 972 neceffe
1778 926 1850 970 sue-

1092 979 1136 1013 rit
1153 1006 1162 1021 ,
1185 979 1354 1023 secundum
1381 977 1515 1021 officium
1543 977 1694 1018 nostrum.

1143 1029 1318 1064 Britonorii
1345 1030 1487 1071 Castrum
1506 1055 1515 1072 ‚
1543 1040 1633 1062 nunc
1663 1026 1851 1075 Episcopa-

1090 1079 1117 1115 li
1147 1079 1323 1115 Cathedra
1345 1087 1531 1121 ornatum,
1559 1077 1734 1125 spectabat
1758 1076 1849 1111 olim

1091 1130 1131 1165 ad
1177 1133 1416 1165 Ravennatem
1459 1127 1674 1163 Ecclefiam.
1715 1128 1850 1161 Verum

1092 1181 1147 1215 vel
1175 1179 1254 1221 ipfis
1282 1179 1439 1226 antiquis
1467 1177 1686 1221 temporibus
1714 1177 1851 1210 Comites

1090 1230 1241 1273 habuit,
1278 1228 1404 1276 quibus
1442 1227 1683 1262 investituram
1711 1228 1852 1261 Raven-

1089 1290 1187 1315 nates
1228 1277 1499 1326 Archiepiscopi
1546 1277 1728 1312 tradebant
1754 1303 1764 1318 ,
1811 1284 1851 1312 ut

1089 1330 1220 1366 constat
1247 1343 1290 1365 ex
1319 1328 1497 1376 postremis
1534 1328 1665 1363 tabulis
1703 1327 1852 1374 Hugonis

1088 1381 1222 1416 Comitis
1248 1380 1352 1423 Castri
1380 1379 1578 1421 Britonorii,
1607 1378 1745 1426 scriptis
1774 1382 1851 1413 An-

1088 1445 1134 1466 no
1166 1443 1273 1477 10t9.
1311 1444 1394 1477 quas
1422 1428 1605 1477 evulgavit
1643 1429 1782 1464 Rubeus
1810 1429 1850 1463 in

1089 1481 1244 1516 Historia
1273 1483 1430 1515 Ravenn.
1465 1481 1696 1514 Perrexerunt
1723 1479 1850 1514 Comi-

1089 1539 1139 1565 tes
1167 1530 1245 1564 illic
1273 1529 1473 1577 dominari3
1503 1529 1629 1576 quibus
1658 1532 1740 1564 vero
1766 1542 1850 1564 con-

1087 1579 1283 1615 ditionibus
1321 1581 1490 1615 collatum
1533 1579 1640 1615 fuerit
1676 1579 1849 1627 ejusmodi

1087 1630 1266 1675 Feudum,
1300 1644 1371 1666 non
1400 1633 1578 1679 ingratum
1607 1630 1751 1666 Le&0ri
1781 1631 1848 1666 erit

1088 1680 1237 1717 ediscere
1265 1683 1283 1716 ὲ
1311 1681 1443 1718 Charta
1461 1709 1470 1725 ‚
1502 1681 1599 1730 cujus
1629 1681 1767 1716 Rubeus
1795 1681 1849 1729 ip-

1086 1731 1119 1766 se
1162 1732 1378 1767 mentionem
1423 1731 1506 1767 fecit
1528 1759 1538 1775 ‚
1579 1733 1612 1766 8(
1654 1744 1759 1779 quam
1802 1745 1846 1767 ex

1087 1781 1390 1830 Chartophylacio
1420 1782 1635 1818 Ravennatis
1657 1782 1848 1830 Archiepi-

1088 1831 1199 1878 scopii
1235 1832 1442 1880 descriptam
1481 1832 1570 1867 mihi
1597 1832 1732 1867 obtulit
1759 1832 1848 1867 ami-

1089 1881 1242 1918 ciffimus
1269 1882 1481 1918 Gherardius
1510 1895 1628 1917 meus.
1657 1884 1779 1929 Atque
1804 1895 1847 1917 ex

1088 1932 1142 1968 his
1178 1934 1292 1969 lucem
1322 1932 1518 1980 accipient,
1556 1945 1643 1980 quae
1672 1934 1850 1968 Boncom-

1090 1997 1220 2032 pagnus
1256 1983 1365 2019 tradit
1401 1983 1439 2018 in
1475 1982 1588 2019 Libro
1618 1984 1656 2017 de
1683 1983 1848 2021 Obsidione

1089 2038 1242 2070 Anconae
1266 2061 1276 2078 ‚
1317 2035 1437 2070 Tomo
1474 2035 1537 2069 VI.
1576 2035 1654 2069 Rer.
1693 2032 1847 2069 Italicar.

1090 2085 1130 2120 de
1159 2083 1321 2130 Comitiffa
1346 2086 1384 2119 de
1411 2084 1613 2128 Bretenori0‚
1641 2083 1781 2133 ejusque
1809 2097 1847 2119 u-

1090 2136 1173 2171 nico
1202 2135 1319 2179 Filio,
1348 2149 1386 2171 ac
1414 2134 1574 2178 diffidia,
1601 2148 1688 2182 quae
1715 2135 1760 2171 ob
1782 2134 1848 2169 hoc

1091 2186 1185 2222 idem
1212 2186 1369 2222 Castrum
1402 2187 1526 2221 oborta
1563 2184 1641 2221 sunt
1678 2185 1770 2220 inter
1797 2187 1850 2220 A.

1090 2237 1296 2273 lexandrum
1327 2239 1390 2272 111.
1420 2239 1547 2285 Papam
1568 2238 1602 2271 8<
1631 2235 1849 2272 Fridericum

1091 2290 1118 2324 I.
1156 2287 1350 2336 Augustum
1389 2287 1460 2336 post
1497 2300 1615 2334 pacem
1654 2290 1849 2324 Venetam,

1089 2341 1144 2375 En
1172 2341 1256 2375 verb
1282 2338 1452 2376 Chartam
1480 2337 1611 2387 ipsam.

1698 2596 1738 2631 In
1743 2609 1761 2632 v
1767 2604 1801 2632 e.'
