2185 3027
242 230 331 271 323

528 216 1011 264 DISSERTATIO
1068 214 1470 267 UNDEGIMA:

1665 232 1754 270 '222'

181 295 250 322 men
276 278 422 329 quoniam
447 278 484 315 ex
509 279 583 327 ipsis
608 280 767 315 duodecim
794 278 939 327 partibus
978 279 1014 313 A
1056 277 1091 313 8<
1118 278 1273 312 Proavus
1291 279 1453 322 Iohannes
1479 279 1649 330 Prinieps,
1684 282 1813 321 memii

181 336 221 370 de
246 344 312 370 tota
332 332 546 380 fitprascripta
571 331 731 375 Ecclesia,
757 333 799 365 Θ
821 332 860 365 de
878 344 937 365 om-

183 385 276 420 nious
297 383 516 430 suprastriptis
543 384 631 417 rebus
667 381 735 426 ejus
760 384 841 417 duas
865 393 938 429 par.

183 446 228 470 tes
251 436 411 483 pertinent
433 433 578 481 partibus
598 433 803 480 suprascripti
823 435 939 468 Mona-

176 487 289 530 fierii,
315 498 370 532 per
395 487 505 519 datum
532 484 729 520 Guaimarii
746 512 756 528 ,
784 484 844 531 qui
872 483 940 519 fuit

184 536 280 572 filius
310 535 458 571 Domini
485 535 660 571 Guidonis
697 535 806 570 Ducis
825 562 835 579 ,
872 533 941 569 filii

185 587 337 622 Domini
366 586 565 622 Guaimarii
594 585 789 635 Principis.

237 641 285 672 Et
311 639 390 672 duas
408 637 581 672 Chartulas
598 639 692 672 unius
711 636 846 680 tenoris,
865 636 944 670 hanc

182 699 240 735 pro
264 699 354 735 parte
376 689 580 735 suprascripti
600 688 810 731 Monasterii,
836 688 878 721 Θ
896 687 945 721 al-

188 749 289 774 teram
313 751 370 785 pro
393 749 483 784 parte
503 739 709 785 suprascripti
744 736 859 783 Gisolfi
885 736 947 772 tibi
989 735 1016 769 B

181 792 211 835 J
214 790 329 824 ohanni
355 789 488 824 Notario
509 789 640 834 scribere
662 789 823 836 praecepi.

242 842 286 884 ²13(-
316 843 385 887 Ego
412 840 467 886 qui
488 840 585 886 supra
611 843 723 874 Petrus
740 840 872 884 Judex.

242 894 285 934 ⁵1<-
314 893 385 937 Ego
411 891 604 925 Romoaldus
630 890 783 925 Notarius
808 903 854 923 me
873 887 948 933 sub-

307 941 351 974 eri
371 939 418 980 [ι’.

243 940 316 1039 Egso
334 951 372 1036 J}>
366 1004 479 1026 oannes
504 991 658 1026 Notarius
684 1004 730 1025 me
750 987 934 1036 subftripsi.

243 1044 298 1077 Eo
325 1041 432 1077 etiam
467 1043 610 1077 nomine
647 1042 807 1077 lubenter
842 1042 950 1075 Char-

193 1097 267 1127 tam
295 1092 392 1127 istam
423 1093 574 1138 produco
593 1119 602 1132 ,
630 1092 724 1139 quod
751 1091 793 1127 ad
820 1093 951 1126 Genea-

195 1141 328 1188 logiam
356 1149 514 1174 veterum
542 1142 746 1189 Principum
768 1140 953 1177 Salernita-

195 1203 320 1226 norum
347 1188 586 1224 illustrandam
615 1191 749 1238 aliquid
770 1193 858 1227 lucis
878 1190 953 1238 sup-

194 1240 350 1290 peditare
378 1238 499 1288 poffit.
528 1242 574 1275 Et
602 1240 703 1288 hujus
729 1242 871 1288 quidem
897 1241 953 1275 Gi-

189 1291 265 1338 Jolfi
280 1319 291 1338 ,
318 1292 374 1327 cui
402 1301 499 1340 pater
524 1290 594 1327 fuit
620 1293 651 1336 J
653 1291 787 1326 ohannes
821 1295 954 1335 Comes,

1034 793 1037 808 l

979 1003 984 1174 ⁴
1037 1014 1039 1029 1

993 1187 1025 1221 C

1058 327 1112 364 nit
1127 327 1234 363 etiam
1246 328 1421 363 Camillus
1442 332 1656 380 Peregrinius
1672 334 1709 370 in
1726 334 1810 371 serie

1060 378 1263 426 Principum
1275 377 1427 414 Salerni.
1439 381 1543 424 Quod
1560 397 1639 433 ergo
1655 386 1813 421 animad-

1058 428 1287 473 vertendum,
1325 428 1464 476 antiqui
1501 432 1630 477 Reges,
1665 438 1697 471 8<
1735 439 1813 472 Au.

1060 480 1146 529 gusti
1174 493 1392 528 nequaquam
1419 480 1457 514 in
1481 480 1560 514 unis
1586 485 1748 527 Beneficiis
1768 486 1813 522 li-

1030 538 1031 548 *
1062 531 1281 567 beralitatem
1309 531 1403 566 suam
1431 543 1511 579 erga
1538 530 1673 566 Fideles
1699 537 1732 569 δε
1759 550 1815 571 ca.

1061 595 1116 618 ros
1143 582 1221 618 suos
1248 581 1549 630 constringebant,
1587 580 1642 616 sed
1671 581 1817 630 saepiffi.

1031 645 1034 659 ¹
1063 647 1117 668 me
1144 634 1248 682 pleno
1277 633 1349 680 jure
1376 632 1413 668 in
1435 632 1519 668 illos
1539 631 1630 667 dona
1648 631 1705 667 sua
1726 642 1818 669 tran.

1061 682 1166 719 sferre
1201 683 1479 720 consueverunt.
1517 685 1642 731 Neque
1679 684 1819 732 praedia

1062 736 1223 779 tantum,
1260 734 1315 770 sed
1342 735 1375 769 δε
1403 733 1553 770 Castella
1589 733 1640 770 eis
1677 733 1820 769 munifi-

1035 785 1256 824 .centiffime
1296 785 1579 833 elargiebantur.
1620 787 1738 831 Quam
1781 785 1820 820 in

1063 849 1135 871 rem
1162 835 1324 872 omnium
1351 835 1509 871 examini
1544 836 1712 885 subjicere
1743 835 1821 871 heic

1063 886 1165 921 statui
1206 887 1343 934 aliquot
1380 886 1613 934 Diplomata,
1650 887 1693 922 ad
1730 885 1823 922 anti-

1064 949 1149 983 quos
1177 936 1322 978 Tar-visti
1348 937 1482 970 Comites
1505 936 1719 983 spe-Elantia,
1739 950 1824 984 qua-

1064 987 1111 1021 lia
1140 986 1180 1021 ad
1210 1000 1264 1022 me
1292 986 1385 1022 misit
1412 986 1544 1022 nobilis
1562 987 1618 1022 vir
1645 988 1821 1023 Henricus

1064 1039 1194 1073 Comes
1221 1038 1262 1073 de
1285 1039 1465 1083 Collalto‚
1490 1038 1610 1073 Abbas
1632 1039 1825 1074 Commen-

1066 1088 1218 1123 datar-ius
1242 1088 1359 1124 Sanffi
1381 1088 1594 1132 salvatoris,
1611 1089 1708 1134 cujus
1729 1101 1826 1134 prae-

1065 1137 1288 1173 clarissimam
1311 1138 1499 1172 Familiam
1518 1146 1766 1180 monumenta,
1786 1145 1827 1173 ut

1065 1189 1152 1224 alibi
1179 1188 1318 1222 testatus
1346 1187 1443 1229 sum,
1472 1186 1554 1221 satis
1582 1186 1764 1230 indicant,
1787 1200 1827 1221 o-

1065 1238 1216 1286 riginem
1244 1236 1378 1271 duxisse
1405 1249 1449 1271 ex
1475 1235 1556 1286 ipfis
1583 1236 1726 1272 vetustis
1756 1239 1826 1275 Co-

1068 1288 1215 1323 mitibus
1243 1285 1459 1323 Tarvismis.

260 1419 364 1459 Otto
396 1419 448 1459 II.
481 1419 699 1472 Imperator
728 1419 967 1471 Byanzeno,
998 1414 1250 1469 Rambaldo,
1281 1415 1320 1454 &
1351 1411 1546 1455 Gaiberto
1577 1412 1759 1455 fratribus

524 1476 660 1518 omnia
691 1476 850 1518 illorum
883 1475 967 1530 jura
998 1473 1228 1528 confirmat,
1259 1476 1380 1514 Anno
1410 1475 1511 1526 980.

250 1595 286 1626 N
311 1592 432 1626 nomine
457 1592 593 1624 sannae
614 1592 657 1622 &⁶
677 1590 868 1623 individuae
887 1589 958 1621 Tri.

1072 1589 1276 1630 Tervistano.
1304 1593 1428 1624 Cortem
1452 1588 1604 1624 videlicet
1639 1602 1735 1624 unam
1770 1592 1833 1625 Lo.

277 1641 391 1675 nitatis
407 1666 415 1674 .
443 1643 515 1672 Otto
541 1638 661 1673 divind
681 1639 814 1682 favente
834 1641 960 1673 clemen·
1000 1635 1031 1667 D
1071 1640 1227 1673 vaainam
1254 1640 1378 1673 nomine
1403 1650 1570 1683 vocatam,
1598 1653 1665 1674 cum
1691 1640 1834 1676 omnibus

199 1692 250 1726 tid
264 1716 404 1727 ......
441 1688 592 1734 fidelium
638 1703 726 1723 aures
771 1690 960 1724 inclinamus

199 1743 263 1776 dev
264 1766 450 1776 ........
469 1739 621 1783 fidelium
647 1739 783 1775 Sanflae
809 1743 872 1774 Dei
899 1743 959 1774 Ec-

200 1792 330 1835 slefiae,
374 1791 599 1836 nostrorumque
635 1790 844 1836 praesentium
874 1790 958 1835 scili-

199 1851 243 1876 cet
278 1855 314 1876 ac
338 1841 516 1884 futurorum
554 1841 676 1874 noverit
698 1841 851 1884 solertia,
885 1854 958 1887 qua-

201 1892 276 1926 liter
303 1891 483 1925 interventu
511 1891 554 1924 <9²
577 1891 728 1937 petitione
766 1890 860 1925 Petri
899 1893 959 1925 Pa-

201 1941 326 1991 pienfis
363 1940 552 1989 Episcopi,
591 1941 741 1988 nostrique
766 1941 875 1975 diletti
902 1942 958 1976 Fi-

201 1994 304 2033 detis,
322 2004 376 2039 per
396 1993 474 2027 hanc
495 1992 588 2034 nostri
608 1992 770 2036 Praecepti
785 1992 959 2039 paginam,

198 2055 293 2092 prr-ut
327 2043 406 2087 juste
434 2043 650 2089 &legaliter
682 2041 857 2090 possumus,
893 2056 960 2077 con·

197 2095 367 2140 firmamus
409 2095 452 2128 (9⁶
487 2095 709 2129 corroboramus
745 2095 932 2139 Byanzeno
951 2121 962 2139 ,

203 2145 437 2187 Raimba1d0‚
458 2144 627 2180 Gaiberto
647 2144 810 2180 fratribus
823 2172 832 2188 ‚
851 2158 960 2193 quon-

204 2196 283 2231 dam
314 2195 515 2231 Raimbaldi
551 2196 661 2231 bonae
698 2196 886 2232 memoriae
922 2195 960 2231 fi-

206 2246 265 2283 liis
282 2273 292 2289 ‚
329 2259 428 2280 omnes
456 2259 501 2280 res
526 2247 560 2281 ὃ(
589 2246 817 2296 proprietates
839 2247 916 2292 suas
941 2262 962 2282 a

204 2308 334 2345 pitterno
362 2297 403 2330 (9⁴
429 2308 564 2331 materno
589 2297 658 2342 jure
674 2325 684 2342 ‚
705 2299 761 2343 seu
786 2310 840 2345 per
866 2301 960 2332 Prae-

205 2360 291 2396 cepta
319 2347 412 2390 nostri
438 2348 545 2382 Patris
570 2363 605 2384 ac
627 2347 883 2396 praedecessorum
910 2363 960 2383 no-

206 2400 336 2441 strorum
380 2402 503 2445 Regum
544 2400 587 2432 (θ’
622 2403 844 2447 Imperatorum
863 2428 873 2445 ,
909 2401 962 2434 vel

206 2461 262 2497 pet·
288 2449 413 2496 aliquas
435 2449 615 2495 scriptiones
640 2454 809 2486 Cartarum
836 2453 875 2486 ab
901 2451 962 2485 ali-

211 2502 323 2548 quibus
348 2500 523 2534 hominibus
554 2499 635 2545 juste
671 2502 713 2535 (9¹
748 2502 893 2549 legaliter
920 2512 962 2535 tc·

210 2564 284 2587 nent
306 2579 315 2596 ,
354 2550 408 2584 vel
450 2562 549 2585 tenere
587 2552 698 2585 debent
735 2553 769 2586 in
804 2553 964 2588 Comitum

311 2605 397 2637 Tem.
426 2603 471 2636 Π.

1069 1690 1271 1736 pertinentiis
1291 1689 1391 1734 suis:
1434 1690 1508 1724 item
1535 1691 1762 1735 Monticellos‚
1799 1693 1833 1725 in

1072 1740 1184 1786 quibus
1210 1740 1324 1775 santii
1339 1766 1472 1775 ......
1508 1740 1550 1782 est
1575 1741 1743 1782 construfila
1771 1744 1835 1776 Ec-

1072 1789 1162 1830 clefia
1187 1803 1253 1824 cum
1279 1790 1422 1824 omnibus
1440 1790 1534 1832 nostri
1552 1794 1660 1837 Regni
1672 1791 1747 1835 jure
1762 1803 1834 1837 per.

1073 1840 1246 1874 tinentibus
1281 1842 1325 1875 ad
1359 1839 1474 1884 eosdem
1509 1841 1712 1875 Monticellos
1746 1841 1834 1885 infra

1075 1890 1253 1932 Fluvium,
1289 1891 1372 1936 quod
1405 1890 1521 1924 dicitur
1555 1891 1672 1925 Plavis
1693 1917 1703 1935 ,
1739 1892 1833 1926 aliud

1076 1941 1208 1975 Flumen
1226 1967 1236 1983 ,
1264 1942 1344 1987 quod
1371 1944 1492 1974 Brenta
1512 1941 1713 1984 nominatur,
1734 1940 1834 1982 simul

1074 2005 1140 2026 cum
1165 1991 1331 2037 Alpibus,
1359 2003 1437 2038 quae
1462 1991 1595 2024 Maidre
1612 1992 1834 2038 appellantur.

1074 2042 1202 2088 Insuper
1227 2041 1322 2075 etiam
1358 2041 1556 2075 corticellam
1592 2054 1688 2076 unam
1723 2043 1835 2088 Eterse

1075 2097 1289 2135 nominatam,
1316 2105 1384 2126 cum
1418 2090 1486 2136 ejus
1522 2091 1557 2125 in
1584 2091 1740 2138 integrum
1764 2104 1836 2139 per.

1074 2143 1240 2178 tinentiis.
1275 2146 1324 2178 Et
1349 2141 1498 2190 quicquid
1537 2141 1603 2183 '0¹st
1626 2142 1737 2177 habere
1755 2144 1835 2188 sunt

1076 2193 1160 2237 infra
1196 2192 1330 2239 confines
1364 2206 1516 2239 aquarum
1527 2218 1702 2230 .........
1729 2194 1773 2227 (9⁴
1799 2195 1834 2229 in

1075 2245 1236 2279 Comitatu
1262 2243 1427 2287 Cenetense
1453 2243 1602 2290 quicquid
1635 2244 1744 2278 habere
1778 2244 1834 2279 vi-

1075 2298 1186 2330 dentur
1213 2295 1246 2328 in
1282 2294 1487 2337 Castrosorte,
1525 2294 1568 2327 (9¹
1603 2293 1637 2327 in
1672 2294 1834 2329 Comitum

1076 2346 1142 2392 ejus
1169 2346 1251 2379 inter
1273 2345 1408 2379 Solitum
1429 2345 1472 2378 &³
1490 2343 1649 2389 Rahosum
1667 2343 1833 2390 flumina,

1077 2408 1142 2432 tam
1169 2407 1354 2430 mortuorum
1371 2423 1381 2440 ‚
1409 2398 1502 2442 quom
1525 2396 1649 2442 publice
1659 2420 1772 2432 ......
1797 2409 1834 2431 ac

1078 2449 1173 2483 etiam
1200 2447 1335 2481 omnium
1361 2459 1461 2480 rerum
1488 2446 1521 2480 in
1549 2447 1690 2480 omnibus
1701 2472 1833 2482 .......

1078 2499 1246 2541 vallibus,
1279 2496 1495 2543 planiciebus,
1532 2497 1708 2542 aquaticis,
1739 2495 1835 2543 fossa-

1079 2551 1142 2594 tis,
1163 2547 1371 2591 molendinis,
1394 2547 1639 2596 piscationibus,
1660 2547 1765 2593 servis
1790 2548 1834 2592 (92

1182 2601 1209 2635 P
1683 2598 1784 2643 ancilg
