2185 3027
277 234 352 274 181
555 223 1037 273 DISSERTATIO
1097 224 1499 278 UNDECIMA:
1694 237 1777 279 182

212 285 429 337 patrimonio
464 284 608 323 fundum
647 285 801 333 aliquem
843 286 966 334 largie-
1005 293 1040 327 A
1081 289 1196 322 donare
1221 288 1349 331 vellet,
1385 300 1420 322 ut
1442 292 1474 334 [ὲ
1502 292 1555 327 illi
1590 296 1837 336 commendaret,

212 340 334 383 batur,
372 347 431 373 aut
467 351 510 373 ex
546 336 777 372 Ecclefiarurn
819 336 967 385 spoliis,
1075 338 1251 385 praecepit.
1287 337 1380 373 Heic
1417 351 1520 375 manu
1559 342 1695 390 tangis,
1734 341 1837 388 Vaffos

211 398 316 438 prout
343 387 514 436 iniquitas
542 400 662 423 eorum
696 394 893 435 temporum
922 387 966 423 fe·
1080 397 1180 424 antea
1208 397 1362 432 creatos,
1398 390 1503 435 quam
1530 393 1720 434 Beneficium
1755 405 1836 428 con-

212 440 330 475 rebat:
362 440 403 481 de
430 453 498 487 qua
524 451 560 474 re
579 437 670 474 infra
690 447 810 486 agetur
829 438 867 473 in
891 437 969 473 Dis.
1083 439 1332 488 sequerentur3
1372 451 1483 486 neque
1520 441 1674 476 Seniores
1703 444 1773 478 ulla
1801 456 1838 478 o-

211 489 327 525 sertat.
355 491 525 526 LXXIII.
550 493 589 523 de
614 488 785 531 Monafler.
836 489 869 523 in
906 490 1279 538 Be.b1igatione
1307 489 1446 524 adafi‘cos
1475 488 1572 523 fuiss'e
1600 489 1639 523 ad
1668 493 1838 537 ejusmodi

211 540 302 585 nefic.
329 541 437 576 datis.
1085 539 1260 576 Beneficia
1287 539 1398 575 Vaffis
1426 538 1630 575 tribuenda.
1659 541 1763 576 Hisce
1783 543 1840 577 ad.

262 592 310 625 Et
339 591 452 639 primo
480 589 571 626 nihil
599 589 640 625 ad
680 603 753 625 rem
790 589 876 625 facit
904 589 968 625 Ai-
1085 591 1126 626 de
1162 590 1284 626 Caroli
1326 590 1453 639 Magni
1494 589 1698 637 Capitula1e
1740 593 1838 627 Anni

211 640 328 677 moini
369 640 593 677 Floriacenfis
620 640 792 676 Monachi
820 640 970 676 maclori-
1088 642 1339 677 DCCCXVII.
1368 654 1444 689 pag.
1470 652 1557 688 495.
1580 639 1841 676 Baluzianaee-

215 701 293 735 tas,
330 692 391 738 qui
419 693 562 727 Saeculo
590 693 728 726 tantum
758 693 799 725 X.
827 691 883 726 seu
911 704 969 739 po·
1086 691 1262 736 ditionis,
1291 691 1350 727 ubi
1378 691 1438 726 ista
1465 699 1673 726 occurr:unt
1695 693 1797 724 DeV
1794 691 1843 734 as..

213 742 286 778 tius
323 744 385 778 XI.
413 744 624 777 Francorum
662 741 853 777 Historiam
890 754 970 776 con·
1014 751 1040 784 Β
1080 742 1127 783 fis
1163 742 1360 785 Dominicis,
1397 741 1452 789 qui
1486 742 1569 776 aaliz!
1561 755 1586 775 c
1622 741 1708 774 intra
1743 741 1843 785 ειῙιιιι

215 791 368 840 scripsit.
395 793 623 839 Quicumque
650 791 868 827 vetustissimi
895 793 969 826 An·
1081 793 1250 837 serviunt,
1278 793 1321 826 (9³
1346 803 1449 827 tamen
1477 791 1637 837 Beneficia
1661 792 1771 825 habere
1792 805 1845 824 no-

213 843 350 878 nalium
396 845 608 878 Francorum
656 841 825 877 Historici
883 841 971 889 apud
1083 843 1231 888 scrantur,
1260 844 1418 885 statutum
1444 842 1505 886 est,
1541 853 1576 876 ιιι
1602 842 1783 888 quicumque
1809 855 1846 876 ex

215 895 282 928 Du
292 892 482 928 Chesnium
519 895 638 928 Tomo
667 895 694 928 Ι.
723 892 864 927 tradunt
900 895 971 926 Me.
1088 894 1132 926 eis
1158 907 1223 927 cum
1250 897 1371 928 Domno
1399 895 1584 939 Imperatore
1608 893 1694 926 domi
1723 905 1845 927 reman-

214 944 360 977 Iidmmm
387 944 406 977 ὲ
434 944 618 979 Clodoveo
655 945 748 990 Rege
789 955 855 977 una
892 955 970 977 cum
1082 943 1209 987 serint,
1239 947 1269 977 V
1266 942 1389 989 affixllos
1408 944 1481 988 suos
1507 943 1636 988 Casatos
1656 943 1757 987 secum
1785 955 1845 977 non

215 995 356 1029 Ducatu
384 994 552 1028 traditum
579 993 779 1037 ιιεΐιινείίιιιιιι,
815 992 907 1027 nihil
934 994 972 1026 de
1089 994 1266 1036 retinewt,
1297 995 1355 1038 sed
1381 1007 1447 1027 cum
1483 995 1628 1037 Comite,
1665 992 1754 1038 cujus
1784 1004 1845 1039 pa-

212 1043 286 1090 jure
326 1043 478 1087 Beneficii
517 1043 674 1091 habent;
717 1056 756 1078 ac
799 1052 971 1091 praeterea
1085 1044 1192 1090 genfhs
1213 1045 1311 1088 sunt,
1339 1044 1383 1077 ire
1405 1045 1615 1091 permittant.
1643 1045 1695 1078 En
1726 1056 1844 1078 veram

215 1093 301 1139 quid
329 1094 500 1140 importet
521 1093 586 1128 hoc
608 1106 758 1136 nomen,
779 1092 869 1128 infra
890 1106 967 1128 con·
1090 1093 1246 1137 Vafforum
1273 1094 1385 1129 ideam
1403 1121 1414 1137 ,
1451 1096 1589 1141 qualem
1626 1104 1726 1128 antea
1754 1093 1847 1129 mihi

214 1142 337 1177 stabit.
368 1142 452 1175 Ruit
481 1152 594 1176 autem
623 1143 664 1176 ad
684 1143 795 1190 ipsum
818 1144 969 1191 primum
1089 1144 1463 1180 effinxeram.Famuli
1480 1154 1577 1178 erant
1593 1143 1736 1177 honoris
1753 1143 1848 1179 caus-

217 1191 392 1239 aspessum
419 1191 596 1226 Molinaei
619 1191 810 1237 sententia,
832 1194 889 1229 ubi
912 1194 965 1228 do·
1015 1203 1045 1236 C
1089 1196 1124 1229 aa
1151 1193 1302 1229 adhibiti
1331 1193 1367 1228 in
1397 1194 1492 1228 Aula
1519 1192 1576 1228 sua
1611 1196 1629 1227 a
1668 1193 1843 1240 Regibus,

215 1242 395 1278 nationem
424 1252 595 1276 memorat
624 1253 681 1275 ant
668 1256 734 1288 zqz
738 1256 789 1275 ονι
793 1258 822 1276 ιιι
850 1245 966 1277 feudo
1089 1246 1121 1278 8<
1152 1245 1237 1278 intra
1263 1244 1363 1287 casam
1393 1243 1601 1287 serviebant:
1637 1242 1703 1277 hoc
1739 1242 1784 1277 est
1812 1245 1846 1279 in

216 1304 309 1336 rum,
332 1292 452 1336 fufium
479 1292 623 1334 Monaste
626 1292 670 1325 rio
705 1294 817 1325 Sanfli
843 1296 916 1326 Οειι
916 1307 967 1327 ιι..ι
1088 1295 1237 1336 Palatio,
1265 1303 1304 1328 ut
1331 1293 1435 1328 habet
1464 1292 1610 1336 titulus,
1633 1292 1719 1341 Regi
1741 1293 1848 1329 inser.

216 1344 251 1377 ni
278 1342 457 1383 Pratenfis.
495 1342 685 1390 Ecquando
712 1342 807 1377 enirn
835 1342 924 1377 dona
953 1343 969 1376 ὲ
1090 1344 1250 1379 viebant.
1268 1346 1424 1379 Secundo
1444 1343 1573 1378 neceffe
1595 1344 1742 1379 minime
1756 1343 1846 1389 fuit,

218 1394 371 1442 Regibus
399 1392 500 1428 effusa
538 1393 575 1428 in
612 1392 830 1436 Monachos,
868 1394 971 1427 feudi
1089 1404 1126 1429 ut
1147 1394 1192 1429 iis
1213 1394 1404 1429 traderetur
1424 1393 1615 1438 Beneficium
1635 1394 1847 1442 quodpiam.

213 1457 341 1479 nornen
370 1442 540 1479 retulere?
572 1443 686 1487 Ipsum
713 1443 879 1490 Diploma
902 1444 968 1490 jam
1088 1445 1178 1479 Satis
1207 1445 1310 1479 verba
1347 1446 1587 1491 praelaudatae
1623 1444 1731 1492 Legis
1768 1458 1847 1492 pro-

215 1494 347 1530 editum
388 1494 488 1529 vide:
529 1493 619 1529 nihil
649 1495 718 1528 tale
745 1494 826 1528 inde
854 1495 968 1528 excul-
1087 1495 1200 1538 dunt,
1238 1494 1335 1530 fuiffe
1363 1508 1405 1530 ex
1433 1494 1478 1529 iis
1515 1495 1710 1542 complures
1739 1495 1848 1531 Bene-

216 1558 299 1593 pas.
340 1545 474 1580 Deinde
501 1545 589 1579 olim
620 1543 728 1589 Vaffus
756 1543 823 1577 five
853 1542 967 1587 Vaffah
1089 1544 1172 1580 ficio
1207 1544 1380 1589 donatos,
1421 1545 1511 1580 alios
1547 1548 1631 1580 vero
1672 1544 1845 1593 ejusmodi

216 1595 266 1628 lus
292 1595 481 1637 evadebat,
509 1594 666 1640 quisquis
698 1592 805 1641 Regi,
827 1603 886 1627 aut
911 1595 969 1627 Po.
1088 1594 1189 1630 donis
1226 1595 1368 1630 caruisse
1386 1621 1395 1630 .
1432 1595 1559 1631 Tertio
1596 1595 1707 1630 Vaffis
1745 1595 1846 1644 ipfis,

214 1643 371 1679 tentibus
388 1672 396 1683 ,
413 1645 633 1677 Commendare
653 1643 684 1677 se
706 1652 860 1688 poterat.
883 1646 968 1677 Com·
1016 1662 1044 1693 D
1088 1646 1148 1693 qui
1179 1646 1261 1690 Vaffi
1287 1646 1409 1693 Regii,
1437 1647 1470 1680 &
1500 1646 1584 1691 Vaffi
1610 1647 1769 1681 Dominici
1789 1660 1848 1696 ap-

215 1695 372 1728 mendatio
399 1693 458 1728 ista
489 1691 676 1736 Vaffaticum
701 1706 839 1740 quoque
857 1695 970 1740 appel·
1089 1696 1332 1744 pellabantur,
1361 1705 1458 1731 erant
1488 1695 1621 1742 Vaffalli
1649 1696 1793 1744 subjePci
1819 1698 1848 1732 i-

215 1745 307 1779 lata.
337 1748 377 1778 Ut
398 1744 433 1787 se
461 1744 493 1777 in
521 1742 707 1787 Vaffaticum
728 1743 900 1777 comitibus
920 1757 970 1777 no·
1087 1745 1155 1780 dest
1182 1745 1327 1793 ingenui
1363 1746 1523 1781 homines
1540 1775 1550 1791 ,
1587 1746 1648 1793 qui
1676 1747 1756 1782 ideo
1783 1751 1848 1782 Ca.

207 1793 283 1837 stris
312 1807 390 1827 more
410 1794 504 1837 solito
523 1795 749 1835 commendent,
779 1793 971 1828 conceffum
1082 1796 1149 1839 sati
1176 1805 1440 1843 nuncupantur,
1469 1797 1560 1843 quod
1588 1797 1621 1830 in
1649 1798 1751 1841 Caſsi,
1779 1797 1847 1833 hoc

215 1844 345 1891 legitur
380 1843 418 1878 in
458 1843 651 1891 Privilegio
688 1842 855 1891 Hispanis
891 1843 972 1878 dato
1087 1844 1133 1880 est
1160 1845 1196 1880 in
1225 1845 1331 1881 domo
1359 1846 1567 1890 Comitum,
1592 1846 1845 1894 Episcoporum

213 1894 233 1929 ὲ
261 1893 448 1930 Ludovico
479 1893 542 1928 Pio
571 1892 725 1940 Augusto
754 1893 842 1941 apud
872 1894 972 1929 Balu-
1087 1897 1119 1930 δε
1148 1895 1352 1940 Abbatum‚
1377 1895 1574 1940 famulicii,
1595 1895 1763 1944 fimulque
1783 1897 1846 1932 ho-

214 1943 312 1980 zium
342 1945 449 1979 Anno
480 1945 693 1979 DCCCXV.
722 1946 817 1991 Lege
843 1943 896 1979 ibi
927 1944 970 1979 se-
1087 1945 1182 1981 noris
1209 1945 1348 1990 caussa,
1375 1945 1587 1994 residebant3
1618 1946 1766 1995 ideoque
1793 1947 1846 1982 di-

216 1994 381 2041 quentia:
413 1997 460 2028 Et
479 1994 512 2035 fi
539 1993 730 2038 Beneficium
756 1995 886 2040 aliquod
904 1995 970 2040 qui.
1089 1995 1267 2031 minutivo
1294 1996 1438 2032 nomine
1477 1995 1610 2041 Vaffalli
1646 1997 1764 2033 vocati
1792 1997 1847 2034 vi-

211 2045 324 2092 squam
351 2058 452 2078 eorum
478 2046 519 2079 ab
545 2058 577 2078 eo
594 2071 604 2088 ‚
645 2045 693 2078 cui
713 2045 748 2089 se
783 2046 970 2079 commenda·
1086 2046 1232 2087 dentur,
1261 2045 1353 2094 quafi
1382 2046 1520 2081 famuli
1548 2047 1724 2090 minores,
1751 2047 1847 2094 quod

215 2096 323 2139 verit,
345 2095 446 2138 suerit
471 2095 693 2141 consequutus:
714 2095 795 2139 sciat
815 2096 850 2140 se
876 2097 914 2129 de
934 2096 971 2128 il·
1015 2104 1042 2138 E
1089 2099 1134 2131 Va
1160 2110 1187 2130 is
1214 2095 1282 2131 sive
1309 2097 1458 2131 famulis
1483 2097 1619 2144 Regiis,
1647 2099 1680 2132 8<
1708 2097 1770 2146 ipsi
1797 2098 1848 2133 fa..

214 2146 245 2179 lo
280 2146 343 2179 tale
385 2145 559 2192 obsequium
594 2145 718 2179 seniori
746 2146 801 2189 suo
836 2146 974 2179 exhibere
1087 2148 1322 2182 mularentur.
1349 2149 1450 2192 Quae
1477 2160 1586 2194 quum
1614 2148 1715 2192 dico,
1745 2161 1846 2197 nega-

212 2197 345 2238 debere,
373 2196 464 2242 quale
491 2195 638 2238 nostrates
663 2196 798 2229 homines
824 2197 862 2229 de
881 2195 971 2237 fimi·
1086 2211 1123 2233 re
1151 2196 1263 2233 rursus
1291 2198 1397 2241 nolo,
1435 2198 1521 2244 quin
1548 2199 1582 2232 &
1611 2201 1643 2232 V
1639 2199 1695 2243 affl
1731 2200 1847 2246 appel-

215 2246 241 2279 li
269 2245 425 2289 Beneficio
450 2246 630 2281 Senioribus
659 2246 730 2291 suis
765 2247 902 2280 exhihere
921 2247 972 2291 so-
1086 2248 1150 2283 lati
1178 2246 1339 2282 fuerint
1329 2247 1357 2282 1i
1385 2247 1518 2292 etiam,
1541 2247 1602 2295 qui
1632 2248 1846 2284 Primatibus

212 2297 300 2331 lent.
341 2297 392 2331 Ita
419 2295 457 2330 in
495 2296 693 2333 Annalibus
731 2299 893 2332 francor.
930 2296 972 2332 ad
1085 2297 1344 2346 inserviebant3
1373 2310 1484 2345 neque
1524 2297 1619 2332 enim
1655 2298 1757 2346 hujus
1794 2298 1845 2335 rei

214 2348 362 2381 Annum
419 2348 672 2383 DCCCLVII.
725 2348 842 2393 Taffilo
896 2350 973 2382 Dux
1086 2347 1317 2383 desiderantur
1344 2349 1524 2396 exempla.
1552 2348 1669 2383 Titul.
1689 2360 1750 2396 79.
1783 2350 1846 2385 Ri-

216 2396 436 2442 Bajoariorum
471 2397 504 2431 in
533 2396 683 2443 Vaffatico
712 2398 747 2443 se
783 2401 971 2433 commenda·
1087 2398 1225 2434 buariae
1251 2397 1359 2446 Legis
1386 2400 1473 2446 Cap.
1506 2409 1540 2445 3.
1569 2398 1609 2432 Si
1634 2398 1770 2443 alicujus
1789 2403 1846 2434 Se-

214 2448 267 2482 vit
296 2446 447 2494 Pippino
485 2447 595 2496 Regi.
633 2448 847 2484 Nithardum
885 2462 971 2496 quo·
1087 2449 1254 2493 niscalcus,
1293 2448 1348 2495 qui
1368 2448 1481 2493 servus
1507 2448 1573 2492 est,
1611 2449 1654 2482 (9¹
1687 2450 1844 2484 Dominus

213 2511 280 2545 que
307 2497 388 2533 audi
415 2497 497 2534 Lib.
527 2510 559 2544 3.
587 2498 716 2535 Histor.
744 2501 782 2533 Si
809 2503 970 2543 Honores,
1085 2499 1243 2534 duodecim
1272 2497 1375 2543 Vaffos
1402 2499 1488 2543 infra
1514 2500 1638 2533 domum
1663 2499 1777 2543 habet,
1799 2513 1845 2535 oc.

212 2562 286 2595 quos
313 2548 394 2583 idem
421 2548 454 2583 in
480 2549 672 2595 Burgundia
697 2550 808 2585 habuit
825 2576 836 2595 ‚
872 2551 970 2586 eidem
1085 2550 1164 2597 fisus
1183 2549 1284 2594 suerit
1304 2550 1370 2584 ἕνα.
1396 2550 1449 2585 Ita
1469 2548 1506 2585 in
1528 2551 1623 2598 Lege
1647 2561 1728 2585 121.
1749 2552 1844 2594 Lanq

1195 2601 1238 2635 M
1292 2611 1313 2635 2.
1671 2600 1794 2650 gobarq
