2185 3027
273 242 352 291 189

209 350 353 391 nudes,
391 349 517 397 quibus
554 348 691 382 nullum
720 346 832 382 adhuc
860 348 966 381 Bene-

210 398 333 434 ficium
370 400 389 434 a
427 402 519 448 Rege
555 397 723 433 traditum
761 396 892 439 fuerat,
929 405 968 431 ut

211 459 308 499 patet
335 463 378 485 ex
406 449 488 486 Lib.
516 462 550 495 4.
578 450 665 497 Cap.
695 459 727 494 5.
756 447 863 496 Legis
891 447 964 482 Wi-

211 500 448 548 figothorum‚
470 500 529 535 ubi
551 499 632 535 haec
654 499 844 534 habemur:
875 498 970 544 Quod

204 551 238 593 fi
264 551 345 584 inter
370 552 491 585 Leudes
518 550 696 597 quicumque
715 564 767 585 nec
785 550 886 596 Regis
908 552 968 583 Be-

212 600 333 645 neficiis
358 601 482 648 aliquid
507 600 706 647 consequutus
722 628 732 644 ‚
766 600 824 645 sed
860 600 892 633 in
919 613 967 632 ex-

210 651 425 699 peditionibus
466 651 673 694 constitutus,
709 653 747 686 de
781 651 885 685 labore
914 650 972 694 suo

213 701 340 748 alt'qut'd
365 702 566 748 acqm'stertt:
601 702 696 736 tertia
728 713 804 748 pars
837 702 881 736 ad
914 711 972 747 pa-

213 762 291 786 trem
315 752 511 798 perveniat:
536 754 617 786 duas
644 762 746 786 autem
765 751 874 795 filius,
917 752 973 797 qui

214 802 394 846 laboravit,
422 803 579 837 obtineat.
609 804 733 850 Neque
753 804 774 836 τὶ
803 802 900 847 Vaffis
920 800 972 836 di-

213 851 300 887 versi
328 851 422 887 fuere
448 852 697 895 Antrustiones‚
725 852 763 887 in
790 854 886 899 Lege
914 854 967 886 Sa-

213 902 284 937 lica
325 902 541 938 memorati.
584 902 778 937 Marculfus
817 903 899 938 Lib.
943 903 970 936 Ι.

214 953 380 988 Formula
413 955 468 988 18.
496 954 534 986 de
570 953 670 999 Regis
696 952 905 994 Antrustione
932 951 969 986 in

214 1002 298 1037 haec
326 1003 430 1037 verba
458 1004 639 1050 loquitur.
677 1002 810 1037 Reeium
837 1003 898 1045 est,
936 1014 971 1036 ut

214 1053 270 1099 qui
311 1054 399 1087 nobis
432 1052 533 1097 fidem
570 1054 758 1099 pollicentur
798 1054 970 1098 inlaesam,

214 1102 312 1141 noslro
347 1114 495 1136 tueantur
529 1105 668 1138 auxilio.
712 1107 760 1137 Et
799 1104 875 1150 quia
917 1103 971 1137 ille

211 1151 339 1185 Fidelis
366 1154 432 1184 Deo
464 1153 600 1196 propitio
636 1157 733 1194 noster
768 1155 899 1188 veniens
927 1153 972 1187 ibi
997 1141 1000 1198 Ι

548 236 1029 281 DISSERTATIO
1090 235 1492 281 UNDECIMA.

208 297 391 334 ιῇἰοηεῐη.
428 297 546 345 Atqui
582 310 653 332 non
689 295 966 332 defiderabantur
1010 295 1040 329 A

1688 256 1703 282 I
1745 256 1772 282 O

1078 292 1270 338 Beneficium
1298 295 1340 327 (9⁴
1368 298 1517 330 Honorem
1542 301 1695 342 perdant.
1712 257 1832 332 9813)ςὶ-

1079 344 1152 378 liter
1187 345 1230 378 Θ·
1257 343 1290 384 fi
1325 344 1413 387 Baffi
1441 344 1550 389 (idest
1585 348 1709 396 Vaffi)
1737 346 1833 389 nostri

1079 395 1130 429 hoc
1166 408 1226 429 non
1262 394 1528 441 adimpleverint,
1564 398 1755 440 Beneficium
1790 397 1835 431 Θ·

1082 449 1234 479 Honorem
1272 450 1431 492 perdant.
1473 446 1520 477 Et
1555 445 1608 489 qm'
1643 447 1835 492 Beneficium

1083 499 1214 537 nostrum
1242 509 1302 530 non
1329 494 1495 535 habuerit,
1531 495 1669 528 bannum
1703 498 1838 538 nostrum

1077 547 1209 590 solvat.
1248 549 1349 592 Quae
1387 544 1553 593 postrema
1580 545 1685 578 verba
1721 545 1837 590 idem,

1084 597 1177 644 quod
1213 606 1314 632 antea
1351 594 1544 645 proposui,
1585 607 1656 629 non
1697 594 1839 631 obscure

1084 647 1321 683 confirmant:
1362 646 1498 681 scilicet
1526 644 1648 680 Vaffos
1684 657 1757 679 non
1783 644 1842 679 de-

1084 697 1204 742 fuisse,
1240 698 1373 733 honore
1411 695 1561 742 Vaffatict'
1596 693 1770 738 fruentes,
1806 695 1842 729 δε

1022 747 1048 780 Β
1087 748 1192 797 Regis
1228 748 1400 791 famulos,
1436 745 1593 782 nondum
1621 754 1739 780 tamen
1767 745 1844 780 ullo

1086 799 1264 835 Beneficio
1305 799 1479 834 donatos.
1521 798 1627 833 Nunc
1663 808 1746 844 ergo
1782 794 1845 830 do-

1086 849 1275 885 &ifflmum
1305 848 1521 897 Bignonium
1550 847 1753 889 audiamus,
1781 844 1846 893 qui

1086 899 1123 934 in
1163 900 1270 935 Notis
1307 900 1348 934 ad
1385 912 1494 946 nuper
1529 897 1709 932 laudatum
1747 897 1846 931 Mar-

1087 949 1218 984 culfum
1241 949 1362 985 scribit
1382 947 1535 992 Beneficii
1555 948 1676 981 nomine
1695 960 1731 981 ea
1753 956 1846 992 prae-

1086 1000 1143 1034 dia
1169 1000 1280 1044 difla,
1316 1013 1394 1047 quae
1416 1010 1473 1045 pro
1502 997 1638 1043 servitio
1663 996 1800 1030 militari
1824 997 1848 1031 ὲ

1089 1055 1197 1097 Rege,
1217 1051 1291 1091 sive
1317 1052 1412 1085 etiam
1437 1050 1478 1083 ab
1504 1049 1581 1083 aliis
1597 1074 1607 1091 ‚
1644 1047 1848 1080 concedeban-

1088 1112 1160 1145 tur,
1188 1114 1266 1147 quae
1293 1104 1405 1136 Feuda
1428 1099 1590 1147 posteritas
1614 1097 1724 1130 dixit:
1751 1097 1848 1131 Con-

1090 1161 1142 1186 tra
1183 1151 1274 1186 mihi
1319 1150 1425 1185 latius
1466 1146 1650 1183 excurriss'e
1694 1145 1849 1180 creditur

214 1200 249 1235 in
291 1200 420 1235 Palatio
457 1200 554 1241 nostro
589 1214 653 1234 una
693 1216 759 1236 cum
795 1204 973 1238 Arimant'a
997 1198 1045 1231 'C
1091 1215 1160 1236 vox
1190 1200 1383 1244 Beneficium
1419 1198 1479 1233 sub
1507 1195 1696 1232 carolinae
1732 1195 1848 1243 gentis

207 1250 270 1296 sua
297 1251 330 1284 in
358 1264 452 1284 manu
487 1250 588 1291 noslra
624 1252 763 1292 Trustem
791 1254 833 1286 (9⁶
861 1253 973 1297 fideli-

213 1311 311 1337 tatem
339 1302 426 1336 nobis
452 1301 540 1345 visus
566 1300 607 1343 eft
632 1300 800 1346 conjurasse
814 1316 830 1335 .·
854 1314 972 1348 propte-

216 1364 275 1386 νεα
292 1363 349 1398 per
383 1351 571 1397 praesentem
604 1362 800 1398 praeceptum
834 1353 971 1386 decerni-

216 1415 285 1436 mus
310 1416 346 1436 ac
368 1401 532 1447 jubemus,
560 1412 595 1435 ut
621 1402 763 1448 deinceps
789 1413 975 1438 memoratus

217 1452 274 1486 ille
301 1452 334 1485 in
362 1466 485 1486 numero
503 1453 748 1494 Antrustionum
767 1464 973 1499 computetur.

217 1505 266 1537 Et
284 1502 317 1542 fi
343 1503 413 1548 quis
443 1501 569 1546 forraffe
596 1517 663 1536 eum
690 1503 859 1547 interficere
882 1515 973 1549 prae-

212 1552 384 1596 sumserit,
422 1554 545 1586 noverit
565 1553 600 1596 se
626 1554 780 1598 wirgzldo
809 1553 868 1596 suo
897 1553 970 1597 soli·

218 1601 270 1635 dis
298 1600 451 1644 sexcentis
486 1600 540 1645 effe
577 1603 784 1648 culpabilem.
822 1604 903 1637 Hoc
930 1602 975 1637 est

219 1663 367 1699 poenam
395 1650 504 1698 triplo
533 1651 721 1698 majorem,
750 1653 852 1699 quarn
882 1652 974 1688 occi-

219 1700 302 1736 dens
330 1699 510 1735 hominem
539 1701 751 1748 ingenuum,
780 1702 974 1748 persolvat.

270 1750 330 1785 Ad
373 1750 536 1794 Beneficia
578 1751 683 1787 venio
729 1751 790 1786 sub
832 1752 974 1788 vetustis

220 1802 434 1835 Francorum
464 1800 615 1848 Regibus
644 1801 789 1837 ufitata.
818 1803 914 1838 Haec
943 1815 972 1838 e·

219 1850 307 1885 tiam
337 1853 495 1884 Honorum
531 1851 675 1887 nomine
710 1851 865 1896 donata,
903 1855 975 1888 Du-

220 1901 377 1948 Cangius
405 1900 678 1937 animadvertit.
708 1904 832 1949 Neque
860 1916 974 1938 exem-

218 1952 276 2000 pla
297 1950 441 1994 desunt,
469 1964 557 1998 quae
583 1951 676 1987 idem
706 1953 902 1996 persuadere
924 1953 974 1988 vi-

219 2002 363 2037 dentur.
390 2003 561 2036 Attamen
589 2004 791 2049 plerumque
820 2007 976 2038 Honorum

221 2065 309 2087 voce
352 2050 540 2097 defignatas
581 2066 657 2088 reor
700 2053 900 2101 Dignitates
940 2056 973 2089 ἃ

222 2102 352 2137 Officia
379 2101 596 2144 honorifica,
626 2113 707 2151 puta
735 2104 977 2148 Marchionis,

223 2151 404 2195 Comitis,
441 2152 630 2197 castaldii,
668 2154 799 2198 judicis
835 2156 900 2190 ἃς.
939 2158 975 2189 In

222 2201 401 2238 Ludovici
426 2203 480 2238 Pii
497 2205 590 2252 Lege
610 2205 828 2251 Langobard.
849 2208 979 2240 XXIV.

223 2254 262 2287 Si
289 2253 367 2286 liber
402 2253 487 2286 homo
513 2265 568 2288 aut
595 2255 823 2298 Ministerialis
849 2256 979 2290 Comitis

223 2304 278 2338 ho:
301 2302 434 2346 fecerit,
472 2307 625 2339 Honorem
652 2309 899 2353 qualemcumque
925 2307 977 2341 lm·

223 2355 352 2397 buerit,
389 2353 461 2394 five
502 2355 693 2400 Beneficium
734 2368 885 2391 amttmt.
930 2361 978 2391 lta

225 2405 374 2439 Carolus
403 2405 552 2452 Magnus
579 2405 614 2440 in
637 2409 731 2454 Lege
759 2406 978 2455 Langobard.

225 2456 287 2489 IX.
317 2454 357 2489 de
384 2454 564 2496 judicibus
591 2457 624 2491 δε
653 2458 874 2500 Advocatis‚
911 2470 978 2492 non

225 2504 476 2540 adducentibus
500 2506 539 2539 de
566 2506 650 2549 infra
678 2508 907 2543 immunitatem
934 2508 980 2542 Xa-

225 2564 342 2592 trones
361 2582 371 2599 ‚
399 2555 473 2592 ait:
512 2558 560 2590 Et
586 2557 641 2603 qui
665 2558 718 2593 boc
744 2572 804 2594 non
825 2559 981 2603 fecerint,

1091 1251 1265 1295 imperio.
1303 1251 1383 1285 Hoc
1420 1248 1486 1292 est,
1522 1260 1564 1282 eo
1590 1245 1735 1281 nomine
1763 1255 1848 1281 tunc

1091 1299 1270 1335 distinfflos
1306 1296 1405 1335 fuiffe
1441 1297 1589 1341 fundos„
1624 1309 1773 1344 quorum
1810 1309 1849 1331 u-

1092 1350 1244 1385 lufru&u
1273 1363 1316 1385 ex
1344 1349 1563 1385 conceffione
1589 1346 1739 1382 Domini
1770 1346 1850 1393 qui-

1092 1401 1210 1448 squam
1247 1400 1329 1435 dum
1357 1401 1494 1436 viveret
1512 1426 1522 1442 ,
1559 1397 1786 1446 perfruiturus
1814 1409 1850 1431 e-

1092 1460 1144 1486 rat
1162 1478 1172 1494 ‚
1211 1450 1393 1499 praecipue
1420 1450 1465 1484 ob
1493 1448 1676 1484 servitium
1705 1447 1850 1482 honori·

1091 1500 1196 1536 ficum
1213 1528 1223 1544 ‚
1250 1510 1310 1536 aut
1336 1499 1628 1539 oeconomicum,
1664 1505 1724 1532 aut
1751 1497 1850 1533 mili-

1092 1560 1186 1594 tare,
1222 1551 1368 1586 domino
1395 1550 1494 1585 fundi
1523 1548 1744 1598 praestitum,
1779 1546 1850 1584 five

1094 1601 1349 1650 praestandum.
1379 1604 1500 1648 ltaque
1529 1600 1641 1647 prima
1668 1598 1771 1634 notio
1791 1611 1851 1633 ve-

1019 1655 1051 1687 D
1094 1662 1204 1687 terum
1234 1651 1461 1696 Benefictorum
1488 1651 1572 1686 haec
1599 1649 1667 1685 fuit
1685 1677 1695 1694 ‚
1724 1648 1852 1684 videli-

1094 1711 1148 1737 cet
1192 1703 1243 1749 jus
1283 1701 1321 1737 in
1363 1702 1601 1749 acquirentem
1643 1700 1851 1735 translatum

1095 1752 1291 1799 perfruendi
1329 1752 1470 1799 praedio
1497 1751 1652 1794 tradite,
1687 1749 1769 1785 dum
1798 1749 1852 1784 vi-

1095 1810 1130 1836 ta
1158 1815 1275 1838 comes
1300 1803 1403 1837 effer.
1431 1804 1552 1848 Atque
1579 1801 1662 1835 haec
1689 1799 1762 1847 ipsa
1789 1812 1853 1834 no-

1095 1851 1149 1887 tio
1193 1851 1232 1887 in
1274 1851 1443 1895 Beneficiis
1481 1849 1703 1891 Ecclesiasticis
1744 1850 1852 1884 Clero

1097 1902 1236 1938 collatis
1264 1902 1454 1949 perdurat,
1492 1914 1571 1936 nam
1610 1913 1653 1935 ex
1690 1912 1761 1947 quo
1789 1900 1853 1934 Be-

1096 1952 1220 1987 neficia
1263 1951 1366 1995 sunt,
1408 1951 1596 1986 secundum
1639 1951 1731 1998 leges
1777 1949 1854 1985 usu-

1071 2001 1074 2006 ’
1094 2002 1241 2038 εἶτυξὶυε
1269 2015 1388 2038 eorum
1409 2003 1428 2038 ὲ
1448 2001 1612 2044 Getico,
1641 2000 1723 2035 dum
1749 1999 1778 2035 is
1798 2000 1854 2035 vi-

1095 2053 1172 2095 vit,
1201 2052 1327 2088 auferri
1354 2065 1425 2087 non
1454 2051 1585 2100 potest,
1622 2050 1685 2086 nifi
1722 2050 1760 2085 in
1787 2049 1855 2085 cri-

1028 2102 1056 2135 E
1096 2116 1175 2138 men
1203 2104 1382 2147 incurrat,
1419 2113 1561 2151 propter
1597 2101 1690 2148 quod
1718 2100 1855 2136 Benefi-

1096 2154 1153 2188 cio
1173 2153 1373 2200 spoliandus
1394 2153 1536 2188 veniat.
1557 2149 1750 2187 Clariffimi
1772 2153 1855 2186 Mo-

1096 2203 1197 2239 nachi
1246 2202 1467 2239 Benediffiini
1511 2204 1528 2238 ὲ
1570 2201 1855 2249 Congregatione

1096 2253 1212 2289 Sanffl
1250 2253 1398 2297 Mauri,
1441 2255 1603 2288 Martene
1638 2253 1672 2286 ἃ
1711 2251 1855 2286 Durand

1095 2305 1201 2340 Tom.
1241 2305 1267 2340 Ι.
1308 2313 1416 2339 veter.
1453 2303 1618 2350 Scriptor.
1656 2314 1731 2349 pag.
1772 2312 1857 2347 115.

1097 2357 1323 2403 Praeceptum
1353 2353 1516 2389 Lotharii
1547 2355 1572 2387 1.
1602 2352 1749 2399 Augusti
1777 2365 1857 2399 pro-

1096 2405 1210 2440 ferunt
1237 2433 1247 2450 ‚
1290 2406 1398 2439 Anno
1443 2404 1732 2439 DCCCXLVII.
1774 2402 1857 2437 scri-

1096 2466 1220 2503 ptum,
1256 2455 1293 2491 in
1333 2468 1403 2502 quo
1439 2454 1468 2489 is
1508 2455 1678 2501 Rotgario
1716 2452 1855 2487 cuidam

1096 2507 1235 2549 Laico,
1277 2505 1490 2547 Mznisteriali
1528 2504 1687 2547 Dssarsridt'
1724 2503 1856 2544 illustris

1095 2557 1228 2591 Comitis
1244 2583 1256 2601 ,
1284 2555 1445 2592 concedit
1473 2556 1507 2590 in
1533 2558 1622 2602 Pago
1648 2554 1855 2598 Riboriense,

1680 2605 1715 2639 in
1742 2608 1804 2639 Co-
