2185 3027
287 233 368 273 421
580 210 1021 257 DISSERTATJO

228 284 261 309 to
285 278 306 310 a
325 273 464 320 singulis
489 272 623 316 nostram
642 273 838 320 corporaliter
853 272 981 320 praesti·
1024 273 1055 307 A

229 336 260 359 to
281 335 338 371 per
355 324 592 371 stipulationem
615 324 827 371 promittimus
849 335 906 370 pro
932 338 983 358 no-

228 374 278 410 bis
317 375 479 410 heredibus
520 376 562 409 (9'
595 374 809 420 succefforibus
850 375 983 419 nostris,

228 425 308 460 hanc
325 426 559 470 venditionem,
583 427 826 473 promiſjionem‚
855 427 896 459 (9¹
921 437 983 460 tra-

227 476 403 520 ditionem,
446 477 488 510 &
524 478 628 512 omnia
661 476 873 523 supmdffla,
913 488 984 511 rata

229 527 272 560 (9⁴
292 526 392 570 firma
411 527 532 574 semper
553 528 683 571 habere,
712 528 754 561 θ’
770 531 914 574 perpetue}
935 527 982 561 in-

227 576 421 611 violabiliter
456 577 636 622 obftrvare,
673 578 715 611 (9⁴
743 592 800 612 non
825 588 982 612 contrave·
1009 612 1010 622 γ

229 627 325 661 nire:
345 627 404 672 sed
425 628 455 669 si
480 640 554 674 opus
581 630 623 662 (9¹
650 627 756 674 neceffe
778 628 877 672 fuerit
894 656 904 672 ‚
941 629 981 662 le-

224 677 339 723 gitime
361 678 518 720 defendere
544 681 584 714 ab
611 679 694 713 omni
717 679 863 725 persona.
891 680 985 724 ‚Quod

224 727 256 769 si
279 728 441 774 praedic‘la
460 729 563 764 omnia
582 743 641 763 non
655 729 889 774 servaverimus
901 757 910 773 ,
929 730 984 763 vel

229 779 365 824 quolibet
391 781 477 812 modo
512 780 620 814 venire
655 780 879 813 tentaverimus
915 793 980 814 con-

228 839 281 863 tra
314 828 479 875 praemissa
499 858 508 874 ,
548 842 678 877 poenam
713 831 746 864 in
776 830 984 877 suprascripto

228 878 445 925 Compromissb
466 880 620 921 statutam
646 880 781 915 Domino
807 884 914 927 Papae
941 882 984 915 Θ·

228 933 392 964 Romanae
418 930 572 971 Ecclesiae
597 931 715 976 integre
745 943 798 964 nos
828 931 982 977 promitti·

228 992 297 1013 mus
326 979 507 1023 soluturos,
545 982 588 1014 (9⁴
620 983 719 1027 poena
747 981 854 1025 soluta
889 981 984 1027 hujus

229 1030 448 1074 venditionis,
485 1032 687 1066 alienationis
723 1032 765 1065 (9⁵
800 1032 983 1067 traditionis

227 1080 402 1114 contrac‘t'us
429 1082 461 1114 in
483 1081 545 1124 sua
571 1082 776 1116 nihilominus
802 1093 984 1127 permaneat
1009 1079 1014 1133 J

220 1129 394 1173 firmitate.
422 1133 470 1163 Et
485 1141 541 1175 pro
563 1132 604 1165 iis
623 1133 763 1165 omnibus
780 1132 921 1175 firmiter
941 1138 982 1166 <9¹

219 1178 364 1222 fideliter
399 1179 602 1222 observandis
628 1183 733 1215 omnia
767 1183 847 1216 bona
883 1182 983 1224 nostra

226 1229 356 1262 mobilia
383 1229 449 1263 (9ο.
479 1229 547 1275 (ut
574 1229 673 1279 supra
700 1231 738 1266 in
765 1230 834 1268 alia
861 1231 981 1268 vendi-

226 1278 335 1314 tionis
364 1278 533 1315 Chartula
550 1280 584 1330 ).

1010 1182 1012 1195 ''
1021 1180 1051 1214 C

301 1404 506 1461 Fidejuffio
537 1407 714 1464 praestita
746 1408 943 1466 Gregorio
975 1410 1043 1448 IX.

1068 210 1494 260 DUODECIMA.
1700 234 1782 272 422

1144 270 1266 304 Acium
1292 272 1333 313 est
1355 273 1406 307 hoc
1422 276 1632 320 praesentibus
1650 277 1776 318 testibus
1795 276 1845 310 in-

1088 320 1287 367 fraſsriptis,
1307 322 1350 356 ad
1368 323 1420 356 hoc
1433 325 1607 369 specialiter
1629 327 1768 371 vocatis,
1782 326 1845 371 fti-

1092 371 1164 405 licet
1185 372 1340 418 Magistro
1363 373 1510 418 Roffrido
1532 378 1568 408 de
1586 378 1756 412 Terracina
1778 380 1846 412 Do-

1093 422 1173 455 mini
1191 425 1299 469 Papae
1318 423 1451 456 Notario
1463 449 1472 466 ,
1497 427 1587 457 Petro
1607 427 1645 460 de
1667 426 1754 471 Pofis
1772 429 1844 462 Cle-

1093 472 1153 507 rico
1167 472 1301 519 ejusdem
1315 473 1448 507 Notario
1460 499 1469 517 ,
1482 474 1640 508 Willelmo
1659 480 1766 511 sutore
1781 481 1809 512 C
1810 491 1846 511 u-

1092 523 1158 557 riae
1185 523 1317 558 Domini
1341 527 1474 570 Papae,
1501 523 1647 564 Perusino
1672 528 1709 559 de
1735 530 1846 561 Mare-

1087 573 1225 618 scalcia,
1253 574 1389 609 Domino
1407 574 1565 620 Stephano
1590 576 1762 620 Capellano
1781 580 1847 612 Do·

1093 625 1174 659 mini
1198 628 1333 672 Papae,
1369 625 1470 659 Paulo
1505 625 1543 658 de
1578 627 1690 671 (ἴαμα,
1726 626 1847 670 &Jo-

1092 675 1232 710 hannino
1258 675 1390 710 Domini
1415 679 1523 722 Papae
1549 675 1701 720 Cursore.

1144 729 1191 760 Et
1217 740 1270 772 ego
1307 725 1475 761 Ricardus
1511 726 1708 774 Imperialis
1735 728 1849 763 Aulae

1094 776 1323 821 Scriniarius,
1359 778 1413 823 qm·
1439 776 1580 811 omnibus
1602 777 1774 824 praediffis
1801 778 1849 812 in.

1094 828 1188 870 tersui
1199 855 1209 871 ‚
1223 828 1302 862 hanc
1316 828 1468 862 Chartam
1489 827 1647 874 utriusque
1655 829 1761 874 partis
1780 841 1848 863 con.

1087 877 1179 922 sensu
1200 878 1310 924 scripfi
1325 905 1335 921 ,
1364 878 1407 911 &⁰
1432 877 1582 923 complevi
1609 890 1757 924 rogatus.

1064 926 1068 970 Ξ
1145 928 1273 963 Vidisti
1300 928 1476 973 Imperialis
1501 928 1612 962 Aulae
1636 929 1846 964 Scriniarios.

1065 974 1067 979 ’
1094 980 1202 1013 Erant
1238 979 1272 1013 ὃς
1310 979 1372 1013 alii
1390 1006 1400 1022 ,
1428 978 1488 1026 qui
1526 979 1703 1025 Imperialis
1737 980 1848 1014 ,asulae

1094 1030 1261 1072 Notarios,
1298 1037 1401 1076 atque
1429 1028 1466 1063 in
1494 1028 1565 1075 ipsa
1607 1029 1719 1073 Urbe,
1756 1029 1788 1064 se
1815 1029 1847 1065 se

1064 1081 1066 1090 ¹
1092 1079 1347 1122 inscribebant,
1385 1088 1423 1114 ut
1459 1078 1629 1114 constabit
1665 1092 1708 1115 ex
1739 1081 1846 1116 altera

1064 1142 1066 1147 ’
1093 1129 1245 1175 Charta,
1273 1142 1377 1178 quam
1404 1128 1574 1177 subjicio.

1062 1183 1067 1328 i

1076 1409 1198 1461 Papae
1226 1405 1251 1447 h
1282 1404 1468 1448 Rainono
1499 1405 1546 1447 de
1576 1404 1614 1447 la
1647 1404 1769 1448 Tolfa

684 1482 753 1523 pro
786 1470 923 1511 Castro
954 1465 1068 1515 Saxi,
1100 1468 1223 1505 Anno
1260 1479 1386 1518 1230.

272 1581 308 1611 N
331 1579 452 1611 nomine
477 1578 613 1612 santiae
633 1579 675 1611 Θ
695 1579 884 1614 individuae
903 1579 976 1613 Tri.

295 1627 426 1662 nitatis.
454 1631 580 1663 Amen.
606 1632 708 1662 ,Anno
734 1630 866 1664 Domini
893 1631 976 1664 Mil.
1017 1629 1049 1663 D

219 1676 323 1718 lesimo
351 1677 562 1719 Ducentesimo
588 1679 750 1720 Tricesimo
777 1683 834 1715 XI.
854 1681 976 1715 Kalen-

221 1729 280 1762 das
317 1728 429 1774 Maji‚
465 1728 639 1763 Indictione
674 1732 734 1764 HI.
769 1730 978 1775 Pontificatus

221 1779 355 1812 Domini
390 1780 534 1825 Gregorii
569 1783 677 1826 Papae
706 1782 764 1815 IX.
793 1783 892 1816 Anno
919 1783 975 1816 IV.

222 1832 331 1873 Quum
357 1829 550 1862 venerabilis
578 1840 670 1874 pater
702 1831 858 1865 Dominus
893 1831 976 1865 Rai-

223 1879 328 1913 nerius
353 1877 489 1912 Sanffae
511 1879 641 1913 Mariae
661 1880 693 1913 in
714 1881 874 1924 Cosmidin
895 1882 976 1916 Dia-

221 1942 313 1964 eonus
339 1928 527 1964 Cardinalis
551 1931 573 1963 ὰ
597 1931 731 1964 Domino
750 1932 896 1978 Gregorio
913 1935 977 1966 Pa-

220 1990 265 2026 pa
290 1983 347 2014 IX.
376 1980 518 2024 receperit
555 1979 588 2013 in
624 1981 804 2023 mandatis,
841 1993 877 2016 ut
913 1982 976 2016 ido-

223 2044 294 2066 neos
311 2028 507 2075 fidejaffores
532 2040 587 2076 pro
610 2034 756 2065 Romana
775 2032 912 2073 Ecclesia
931 2046 975 2066 re-

223 2082 335 2128 ct'peret
360 2082 381 2113 ιὶ
408 2081 507 2114 nobili
532 2081 603 2114 viro
627 2082 773 2115 Rainono
792 2083 882 2117 dela
902 2083 975 2116 Tol-

218 2132 283 2176 fa,
311 2131 354 2165 ad
374 2130 528 2174 summam
553 2131 641 2165 mille
665 2132 833 2166 Librarum
865 2143 975 2179 prove-

224 2181 398 2224 niensium,
425 2182 464 2214 de
487 2183 624 2226 parendo
646 2183 805 2217 mandatis
824 2183 977 2224 Ecclesiae

224 2237 387 2267 Romanae
407 2230 501 2276 super
526 2245 583 2276 eo,
623 2236 704 2279 quod
729 2233 871 2276 Castrum
897 2234 977 2268 Saxi

222 2284 267 2318 ad
293 2286 470 2316 Romanam
497 2282 664 2323 Ecclesiam
688 2284 775 2317 nullo
794 2284 891 2318 medio
907 2295 975 2330 per·
1001 2299 1005 2308 ·

222 2333 343 2367 tinente
379 2330 493 2375 injuste
528 2332 570 2365 &¹
605 2333 758 2376 hostiliter
793 2335 975 2379 invaserat,

222 2384 427 2422 detinuerat,
470 2381 513 2414 (9¹
546 2383 616 2416 dolo
646 2384 861 2431 postmodum,
896 2385 976 2426 ficut

222 2433 360 2475 dicitur,
387 2431 517 2472 desierat
541 2433 686 2478 poffidere
697 2448 718 2478 ;
750 2446 874 2483 propter
899 2437 977 2482 quod

216 2485 327 2528 ficerat
351 2485 372 2517 a
399 2483 494 2516 bonae
528 2484 688 2519 memoriae
721 2487 859 2521 Honorio
884 2489 975 2533 Papa

222 2536 284 2571 III.
313 2531 586 2569 excommunicatus
619 2535 739 2582 publice
765 2537 808 2572 (9⁶
829 2537 973 2584 frequen·
999 2519 1003 2573 Ι

1092 1588 1167 1611 ter:
1192 1577 1296 1612 diffisus
1321 1578 1489 1614 Rainonus
1515 1579 1548 1614 in
1576 1579 1711 1625 ejusdem
1738 1581 1849 1615 Domi-

1092 1628 1127 1661 ni
1153 1629 1341 1663 Cardinalis
1363 1630 1542 1675 praesentia
1567 1631 1748 1672 constitutus
1782 1645 1849 1664 cum

1093 1678 1245 1722 instantia
1276 1679 1454 1726 postulabat
1478 1682 1500 1715 a
1523 1681 1681 1727 praediffio
1717 1682 1853 1716 Domino

1092 1729 1265 1763 Cardinali
1275 1756 1285 1773 ‚
1312 1740 1348 1763 ut
1370 1729 1465 1774 juxta
1484 1732 1617 1765 Domini
1635 1735 1742 1778 Papae
1761 1746 1850 1766 mar:-

1092 1779 1203 1813 datum
1222 1778 1417 1824 fidejuffores
1443 1782 1483 1815 ab
1509 1795 1541 1814 eo
1568 1782 1711 1828 reciperet
1727 1809 1737 1825 ,
1773 1796 1848 1829 quos

1090 1828 1341 1875 praesentialiter
1367 1830 1512 1876 offerebat
1527 1857 1535 1865 .
1563 1833 1712 1865 Tamdem
1737 1833 1848 1866 Domi-

1093 1892 1152 1913 nus
1191 1879 1359 1913 Rainonus
1399 1890 1582 1914 memoratus
1619 1881 1758 1924 promisit
1791 1893 1848 1929 per

1086 1929 1322 1976 stipulationem
1343 1929 1404 1974 sub
1426 1941 1526 1977 poena
1560 1931 1647 1965 mille
1677 1933 1847 1967 Librarum

1089 1979 1249 2026 praedifio
1275 1980 1409 2015 Domino
1435 1981 1606 2015 Cardinali
1628 1992 1685 2028 pro
1711 1983 1847 2017 Domino

1091 2033 1208 2077 Papa,
1240 2030 1365 2077 suisque
1397 2029 1611 2077 successoribus
1638 2032 1681 2065 (9·
1707 2033 1845 2074 Ecclesia

1092 2082 1240 2115 Romana
1266 2081 1451 2128 recipienti,
1480 2082 1566 2123 stare
1602 2083 1762 2118 mandatis
1798 2096 1846 2117 eo-

1091 2135 1228 2165 rumdem
1256 2132 1298 2165 (9⁴
1324 2131 1477 2173 Ecclesiae
1506 2132 1708 2179 supradiffae
1731 2132 1789 2176 sub
1815 2148 1846 2168 ο.

1059 2183 1063 2208 ¹
1089 2182 1264 2228 bligatione
1289 2182 1424 2216 omnium
1451 2184 1595 2217 bonorum
1615 2184 1761 2228 suorum.
1799 2188 1846 2219 Et

1088 2233 1245 2267 Dominus
1265 2233 1431 2277 johannes
1445 2259 1456 2276 ,
1495 2234 1586 2268 Urbis
1621 2235 1722 2268 almae
1748 2238 1846 2270 Prae.

1083 2281 1187 2326 seHus
1215 2282 1248 2316 in
1274 2283 1417 2317 trecentis
1450 2283 1583 2326 Libris,
1621 2284 1664 2318 (9⁴
1690 2286 1847 2320 Dominus

1089 2333 1247 2367 Tebaldus
1265 2332 1422 2376 Praefefli
1443 2333 1475 2366 in
1494 2335 1635 2368 ducentis
1654 2336 1782 2379 Libris,
1799 2338 1843 2371 (9’

1088 2383 1242 2418 Dominus
1258 2384 1451 2429 Capellanus
1469 2384 1507 2417 de
1525 2385 1559 2418 la
1574 2385 1668 2428 Tolfa
1685 2386 1719 2419 in
1733 2387 1846 2421 ducen-

1087 2433 1130 2467 tis
1144 2433 1273 2478 Libris,
1289 2435 1330 2467 (9¹
1342 2434 1496 2468 Dominus
1506 2435 1693 2470 Alexander
1706 2437 1746 2470 de
1761 2440 1846 2472 Bra.

1091 2497 1171 2528 zano
1190 2484 1222 2518 in
1242 2494 1361 2519 centum
1387 2484 1515 2529 Libris,
1536 2487 1579 2520 ad
1593 2487 1775 2532 petitionem
1801 2488 1845 2522 δ’

1090 2535 1273 2570 mandatum
1287 2535 1366 2572 aiHi
1381 2535 1541 2571 Rainonis
1551 2563 1562 2581 ‚
1579 2538 1621 2572 (9⁶
1636 2537 1669 2572 in
1681 2537 1743 2581 sua
1755 2549 1845 2584 praee

1664 2588 1792 2634 sentia,
