<?xml version="1.0" encoding="UTF-8"?>
<!DOCTYPE html PUBLIC "-//W3C//DTD XHTML 1.0 Transitional//EN"
    "http://www.w3.org/TR/xhtml1/DTD/xhtml1-transitional.dtd">
<html xmlns="http://www.w3.org/1999/xhtml" xml:lang="en" lang="en">
 <head>
  <title>
</title>
<meta http-equiv="Content-Type" content="text/html;charset=utf-8" />
  <meta name='ocr-system' content='tesseract 3.04.00' />
  <meta name='ocr-capabilities' content='ocr_page ocr_carea ocr_par ocr_line ocrx_word'/>
</head>
<body>
  <div class='ocr_page' id='page_1' title='image "antiquitatesital02mura_0080.png"; bbox 0 0 2185 3027; ppageno 0'>
   <div class='ocr_carea' id='block_1_1' title="bbox 336 140 1104 1800">
    <p class='ocr_par' dir='ltr' id='par_1_1' title="bbox 336 140 1104 1800">
     <span class='ocr_line' id='line_1_1' title="bbox 401 140 1104 200; baseline 0.01 -21"><span class='ocrx_word' id='word_1_1' title='bbox 401 140 486 194; x_wconf 82' lang='lat'>&#39;147</span> <span class='ocrx_word' id='word_1_2' title='bbox 698 141 1104 200; x_wconf 56' lang='lat' dir='ltr'><em>ANTIQUIT.</em></span> 
     </span>
     <span class='ocr_line' id='line_1_2' title="bbox 343 193 1100 251; baseline 0.012 -23"><span class='ocrx_word' id='word_1_3' title='bbox 343 193 448 251; x_wconf 53' lang='lat' dir='ltr'>lsaffos</span> <span class='ocrx_word' id='word_1_4' title='bbox 474 208 612 244; x_wconf 88' lang='lat' dir='ltr'>quoque</span> <span class='ocrx_word' id='word_1_5' title='bbox 649 201 791 246; x_wconf 82' lang='lat' dir='ltr'>Regios,</span> <span class='ocrx_word' id='word_1_6' title='bbox 828 200 896 237; x_wconf 82' lang='lat' dir='ltr'>five</span> <span class='ocrx_word' id='word_1_7' title='bbox 932 206 1100 249; x_wconf 84' lang='lat' dir='ltr'>Imperato-</span> 
     </span>
     <span class='ocr_line' id='line_1_3' title="bbox 339 247 1100 298; baseline 0.011 -18"><span class='ocrx_word' id='word_1_8' title='bbox 339 257 406 288; x_wconf 73' lang='lat' dir='ltr'>ns,</span> <span class='ocrx_word' id='word_1_9' title='bbox 435 247 524 282; x_wconf 88' lang='lat' dir='ltr'>olim</span> <span class='ocrx_word' id='word_1_10' title='bbox 554 248 796 295; x_wconf 73' lang='lat' dir='ltr'>jurisdiffione</span> <span class='ocrx_word' id='word_1_11' title='bbox 817 251 1012 298; x_wconf 86' lang='lat' dir='ltr'>praeditos,</span> <span class='ocrx_word' id='word_1_12' title='bbox 1034 253 1100 287; x_wconf 92' lang='lat' dir='ltr'>hoc</span> 
     </span>
     <span class='ocr_line' id='line_1_4' title="bbox 341 294 1098 351; baseline 0.009 -21"><span class='ocrx_word' id='word_1_13' title='bbox 341 294 387 351; x_wconf 73' lang='lat' dir='ltr'>est</span> <span class='ocrx_word' id='word_1_14' title='bbox 423 297 632 334; x_wconf 65' lang='lat' dir='ltr'>auRoritate</span> <span class='ocrx_word' id='word_1_15' title='bbox 674 300 758 347; x_wconf 87' lang='lat' dir='ltr'>juris</span> <span class='ocrx_word' id='word_1_16' title='bbox 795 301 939 338; x_wconf 84' lang='lat' dir='ltr'>dicundi</span> <span class='ocrx_word' id='word_1_17' title='bbox 977 302 1098 337; x_wconf 86' lang='lat' dir='ltr'>saltem</span> 
     </span>
     <span class='ocr_line' id='line_1_5' title="bbox 339 345 1098 398; baseline 0.011 -19"><span class='ocrx_word' id='word_1_18' title='bbox 339 357 378 379; x_wconf 86' lang='lat' dir='ltr'>m</span> <span class='ocrx_word' id='word_1_19' title='bbox 407 345 574 384; x_wconf 83' lang='lat' dir='ltr'>civilibus</span> <span class='ocrx_word' id='word_1_20' title='bbox 601 350 869 386; x_wconf 79' lang='lat' dir='ltr'>controverfiis:</span> <span class='ocrx_word' id='word_1_21' title='bbox 909 352 1002 398; x_wconf 92' lang='lat' dir='ltr'>quod</span> <span class='ocrx_word' id='word_1_22' title='bbox 1040 352 1098 387; x_wconf 90' lang='lat' dir='ltr'>ubi</span> 
     </span>
     <span class='ocr_line' id='line_1_6' title="bbox 340 394 1097 448; baseline 0.008 -18"><span class='ocrx_word' id='word_1_23' title='bbox 340 394 566 443; x_wconf 82' lang='lat' dir='ltr'>statueretur,</span> <span class='ocrx_word' id='word_1_24' title='bbox 604 400 864 448; x_wconf 70' lang='lat' dir='ltr'>agnosceremus</span> <span class='ocrx_word' id='word_1_25' title='bbox 901 402 1005 436; x_wconf 85' lang='lat' dir='ltr'>etiam</span> <span class='ocrx_word' id='word_1_26' title='bbox 1041 415 1097 436; x_wconf 89' lang='lat' dir='ltr'>an-</span> 
     </span>
     <span class='ocr_line' id='line_1_7' title="bbox 339 445 1096 494; baseline 0.007 -13"><span class='ocrx_word' id='word_1_27' title='bbox 339 445 548 494; x_wconf 80' lang='lat' dir='ltr'>tiquitatem</span> <span class='ocrx_word' id='word_1_28' title='bbox 588 451 870 494; x_wconf 78' lang='lat' dir='ltr'>Beneficiorum,</span> <span class='ocrx_word' id='word_1_29' title='bbox 908 450 975 486; x_wconf 84' lang='lat' dir='ltr'>slve</span> <span class='ocrx_word' id='word_1_30' title='bbox 1013 454 1096 486; x_wconf 84' lang='lat' dir='ltr'>Feu-</span> 
     </span>
     <span class='ocr_line' id='line_1_8' title="bbox 340 495 1098 548; baseline 0.007 -17"><span class='ocrx_word' id='word_1_31' title='bbox 340 495 463 533; x_wconf 86' lang='lat' dir='ltr'>dorum</span> <span class='ocrx_word' id='word_1_32' title='bbox 508 500 683 536; x_wconf 85' lang='lat' dir='ltr'>nobilium</span> <span class='ocrx_word' id='word_1_33' title='bbox 727 515 805 536; x_wconf 85' lang='lat' dir='ltr'>cum</span> <span class='ocrx_word' id='word_1_34' title='bbox 854 501 1098 548; x_wconf 74' lang='lat' dir='ltr'>superioritate</span> 
     </span>
     <span class='ocr_line' id='line_1_9' title="bbox 339 547 1096 599; baseline 0.008 -18"><span class='ocrx_word' id='word_1_35' title='bbox 339 547 512 585; x_wconf 78' lang='lat' dir='ltr'>territorii</span> <span class='ocrx_word' id='word_1_36' title='bbox 532 577 540 592; x_wconf 93' lang='lat'>,</span> <span class='ocrx_word' id='word_1_37' title='bbox 569 564 607 586; x_wconf 85' lang='lat' dir='ltr'>ac</span> <span class='ocrx_word' id='word_1_38' title='bbox 635 552 708 599; x_wconf 81' lang='lat' dir='ltr'>jure</span> <span class='ocrx_word' id='word_1_39' title='bbox 736 552 772 586; x_wconf 86' lang='lat' dir='ltr'>in</span> <span class='ocrx_word' id='word_1_40' title='bbox 801 551 996 587; x_wconf 85' lang='lat' dir='ltr'>incolarum</span> <span class='ocrx_word' id='word_1_41' title='bbox 1026 565 1096 598; x_wconf 82' lang='lat' dir='ltr'>per-</span> 
     </span>
     <span class='ocr_line' id='line_1_10' title="bbox 340 595 1097 645; baseline 0.007 -13"><span class='ocrx_word' id='word_1_42' title='bbox 340 595 463 634; x_wconf 87' lang='lat' dir='ltr'>sonas.</span> <span class='ocrx_word' id='word_1_43' title='bbox 491 602 537 635; x_wconf 82' lang='lat' dir='ltr'>Et</span> <span class='ocrx_word' id='word_1_44' title='bbox 567 600 643 637; x_wconf 90' lang='lat' dir='ltr'>sane</span> <span class='ocrx_word' id='word_1_45' title='bbox 670 603 891 641; x_wconf 69' lang='lat' dir='ltr'>exnloratum</span> <span class='ocrx_word' id='word_1_46' title='bbox 926 602 993 645; x_wconf 87' lang='lat' dir='ltr'>est,</span> <span class='ocrx_word' id='word_1_47' title='bbox 1022 602 1097 637; x_wconf 89' lang='lat' dir='ltr'>lon-</span> 
     </span>
     <span class='ocr_line' id='line_1_11' title="bbox 339 652 1097 700; baseline 0.007 -17"><span class='ocrx_word' id='word_1_48' title='bbox 339 660 382 696; x_wconf 87' lang='lat' dir='ltr'>ge</span> <span class='ocrx_word' id='word_1_49' title='bbox 420 660 499 685; x_wconf 91' lang='lat' dir='ltr'>ante</span> <span class='ocrx_word' id='word_1_50' title='bbox 536 652 658 687; x_wconf 65' lang='lat' dir='ltr'>Ciroli</span> <span class='ocrx_word' id='word_1_51' title='bbox 694 653 819 700; x_wconf 75' lang='lat' dir='ltr'>Magni</span> <span class='ocrx_word' id='word_1_52' title='bbox 857 662 1014 687; x_wconf 75' lang='lat' dir='ltr'>temnora</span> <span class='ocrx_word' id='word_1_53' title='bbox 1046 652 1097 688; x_wconf 86' lang='lat' dir='ltr'>in-</span> 
     </span>
     <span class='ocr_line' id='line_1_12' title="bbox 339 698 1098 746; baseline 0.007 -14"><span class='ocrx_word' id='word_1_54' title='bbox 339 698 480 735; x_wconf 56' lang='lat' dir='ltr'>vefftum</span> <span class='ocrx_word' id='word_1_55' title='bbox 523 701 620 737; x_wconf 70' lang='lat' dir='ltr'>fuisse</span> <span class='ocrx_word' id='word_1_56' title='bbox 650 715 781 737; x_wconf 87' lang='lat' dir='ltr'>morem</span> <span class='ocrx_word' id='word_1_57' title='bbox 820 702 1098 746; x_wconf 74' lang='lat' dir='ltr'>Beneficiorum,</span> 
     </span>
     <span class='ocr_line' id='line_1_13' title="bbox 340 748 1099 800; baseline 0.007 -17"><span class='ocrx_word' id='word_1_58' title='bbox 340 748 382 783; x_wconf 81' lang='lat' dir='ltr'>de</span> <span class='ocrx_word' id='word_1_59' title='bbox 409 751 535 796; x_wconf 79' lang='lat' dir='ltr'>quibus</span> <span class='ocrx_word' id='word_1_60' title='bbox 564 752 652 787; x_wconf 80' lang='lat' dir='ltr'>infra</span> <span class='ocrx_word' id='word_1_61' title='bbox 681 751 850 799; x_wconf 85' lang='lat' dir='ltr'>agendum</span> <span class='ocrx_word' id='word_1_62' title='bbox 879 752 967 796; x_wconf 87' lang='lat' dir='ltr'>erit,</span> <span class='ocrx_word' id='word_1_63' title='bbox 996 764 1099 800; x_wconf 82' lang='lat' dir='ltr'>atque</span> 
     </span>
     <span class='ocr_line' id='line_1_14' title="bbox 340 798 1096 847; baseline 0.007 -13"><span class='ocrx_word' id='word_1_64' title='bbox 340 798 423 834; x_wconf 77' lang='lat' dir='ltr'>inde</span> <span class='ocrx_word' id='word_1_65' title='bbox 453 801 576 847; x_wconf 74' lang='lat' dir='ltr'>Vaffos,</span> <span class='ocrx_word' id='word_1_66' title='bbox 607 800 777 846; x_wconf 72' lang='lat' dir='ltr'>Vafflzllos,</span> <span class='ocrx_word' id='word_1_67' title='bbox 806 804 926 837; x_wconf 69' lang='lat' dir='ltr'>Leudes</span> <span class='ocrx_word' id='word_1_68' title='bbox 955 804 1021 838; x_wconf 63' lang='lat' dir='ltr'>&amp;a</span> <span class='ocrx_word' id='word_1_69' title='bbox 1055 804 1096 839; x_wconf 86' lang='lat' dir='ltr'>ii-</span> 
     </span>
     <span class='ocr_line' id='line_1_15' title="bbox 338 848 1096 899; baseline 0.008 -16"><span class='ocrx_word' id='word_1_70' title='bbox 338 848 430 884; x_wconf 82' lang='lat' dir='ltr'>sdem</span> <span class='ocrx_word' id='word_1_71' title='bbox 461 850 611 886; x_wconf 80' lang='lat' dir='ltr'>fruentes</span> <span class='ocrx_word' id='word_1_72' title='bbox 640 851 737 887; x_wconf 80' lang='lat' dir='ltr'>fuiffe</span> <span class='ocrx_word' id='word_1_73' title='bbox 759 853 970 899; x_wconf 82' lang='lat' dir='ltr'>appellatos.</span> <span class='ocrx_word' id='word_1_74' title='bbox 1000 856 1096 889; x_wconf 86' lang='lat' dir='ltr'>Num</span> 
     </span>
     <span class='ocr_line' id='line_1_16' title="bbox 339 901 1096 952; baseline 0.008 -19"><span class='ocrx_word' id='word_1_75' title='bbox 339 912 422 946; x_wconf 82' lang='lat' dir='ltr'>ergo</span> <span class='ocrx_word' id='word_1_76' title='bbox 461 901 652 937; x_wconf 85' lang='lat' dir='ltr'>Nobilibus</span> <span class='ocrx_word' id='word_1_77' title='bbox 692 902 862 949; x_wconf 76' lang='lat' dir='ltr'>ejusmodi</span> <span class='ocrx_word' id='word_1_78' title='bbox 900 903 987 938; x_wconf 88' lang='lat' dir='ltr'>viris</span> <span class='ocrx_word' id='word_1_79' title='bbox 1026 904 1096 952; x_wconf 84' lang='lat' dir='ltr'>jam</span> 
     </span>
     <span class='ocr_line' id='line_1_17' title="bbox 338 950 1096 1001; baseline 0.009 -18"><span class='ocrx_word' id='word_1_80' title='bbox 338 957 414 984; x_wconf 87' lang='lat' dir='ltr'>tum</span> <span class='ocrx_word' id='word_1_81' title='bbox 444 950 644 988; x_wconf 79' lang='lat' dir='ltr'>tradebatur</span> <span class='ocrx_word' id='word_1_82' title='bbox 683 953 799 1000; x_wconf 69' lang='lat' dir='ltr'>aliqua</span> <span class='ocrx_word' id='word_1_83' title='bbox 838 953 1036 1001; x_wconf 64' lang='lat' dir='ltr'>jurisdie‘tio</span> <span class='ocrx_word' id='word_1_84' title='bbox 1063 956 1096 990; x_wconf 87' lang='lat'>&amp;</span> 
     </span>
     <span class='ocr_line' id='line_1_18' title="bbox 337 999 1097 1047; baseline 0.009 -14"><span class='ocrx_word' id='word_1_85' title='bbox 337 999 486 1047; x_wconf 82' lang='lat' dir='ltr'>potestas</span> <span class='ocrx_word' id='word_1_86' title='bbox 513 1001 551 1037; x_wconf 81' lang='lat' dir='ltr'>in</span> <span class='ocrx_word' id='word_1_87' title='bbox 591 1002 772 1046; x_wconf 76' lang='lat' dir='ltr'>homines,</span> <span class='ocrx_word' id='word_1_88' title='bbox 811 1003 998 1039; x_wconf 85' lang='lat' dir='ltr'>Castellum</span> <span class='ocrx_word' id='word_1_89' title='bbox 1039 1015 1097 1040; x_wconf 87' lang='lat' dir='ltr'>aut</span> 
     </span>
     <span class='ocr_line' id='line_1_19' title="bbox 338 1050 1096 1098; baseline 0.008 -14"><span class='ocrx_word' id='word_1_90' title='bbox 338 1050 476 1086; x_wconf 71' lang='lat' dir='ltr'>Villam</span> <span class='ocrx_word' id='word_1_91' title='bbox 506 1052 761 1088; x_wconf 80' lang='lat' dir='ltr'>beneficiariam</span> <span class='ocrx_word' id='word_1_92' title='bbox 791 1053 1049 1098; x_wconf 77' lang='lat' dir='ltr'>inhabitantes,</span> <span class='ocrx_word' id='word_1_93' title='bbox 1069 1055 1096 1091; x_wconf 89' lang='lat' dir='ltr'>i·</span> 
     </span>
     <span class='ocr_line' id='line_1_20' title="bbox 336 1103 1096 1153; baseline 0.009 -19"><span class='ocrx_word' id='word_1_94' title='bbox 336 1107 375 1134; x_wconf 88' lang='lat' dir='ltr'>ta</span> <span class='ocrx_word' id='word_1_95' title='bbox 403 1110 441 1136; x_wconf 85' lang='lat' dir='ltr'>ut</span> <span class='ocrx_word' id='word_1_96' title='bbox 469 1115 539 1136; x_wconf 89' lang='lat' dir='ltr'>non</span> <span class='ocrx_word' id='word_1_97' title='bbox 566 1103 688 1139; x_wconf 89' lang='lat' dir='ltr'>liceret</span> <span class='ocrx_word' id='word_1_98' title='bbox 717 1103 853 1147; x_wconf 74' lang='lat' dir='ltr'>solum,</span> <span class='ocrx_word' id='word_1_99' title='bbox 881 1103 935 1139; x_wconf 86' lang='lat' dir='ltr'>sed</span> <span class='ocrx_word' id='word_1_100' title='bbox 960 1114 1096 1153; x_wconf 87' lang='lat' dir='ltr'>oporte-</span> 
     </span>
     <span class='ocr_line' id='line_1_21' title="bbox 336 1150 1096 1202; baseline 0.007 -17"><span class='ocrx_word' id='word_1_101' title='bbox 336 1158 392 1185; x_wconf 83' lang='lat' dir='ltr'>tet</span> <span class='ocrx_word' id='word_1_102' title='bbox 419 1150 464 1186; x_wconf 91' lang='lat' dir='ltr'>iis</span> <span class='ocrx_word' id='word_1_103' title='bbox 492 1151 605 1188; x_wconf 83' lang='lat' dir='ltr'>dicere</span> <span class='ocrx_word' id='word_1_104' title='bbox 633 1153 707 1202; x_wconf 86' lang='lat' dir='ltr'>jus,</span> <span class='ocrx_word' id='word_1_105' title='bbox 742 1167 931 1198; x_wconf 85' lang='lat' dir='ltr'>eorumque</span> <span class='ocrx_word' id='word_1_106' title='bbox 959 1165 1096 1190; x_wconf 83' lang='lat' dir='ltr'>contro-</span> 
     </span>
     <span class='ocr_line' id='line_1_22' title="bbox 337 1200 1098 1246; baseline 0.005 -11"><span class='ocrx_word' id='word_1_107' title='bbox 337 1200 463 1236; x_wconf 72' lang='lat' dir='ltr'>versias</span> <span class='ocrx_word' id='word_1_108' title='bbox 491 1202 673 1238; x_wconf 77' lang='lat' dir='ltr'>decernere</span> <span class='ocrx_word' id='word_1_109' title='bbox 688 1231 698 1246; x_wconf 91' lang='lat'>,</span> <span class='ocrx_word' id='word_1_110' title='bbox 720 1204 773 1239; x_wconf 82' lang='lat' dir='ltr'>uti</span> <span class='ocrx_word' id='word_1_111' title='bbox 794 1204 999 1239; x_wconf 79' lang='lat' dir='ltr'>comitibus</span> <span class='ocrx_word' id='word_1_112' title='bbox 1025 1219 1098 1240; x_wconf 91' lang='lat' dir='ltr'>mos</span> 
     </span>
     <span class='ocr_line' id='line_1_23' title="bbox 338 1251 1099 1303; baseline 0.005 -18"><span class='ocrx_word' id='word_1_113' title='bbox 338 1260 413 1286; x_wconf 85' lang='lat' dir='ltr'>erat</span> <span class='ocrx_word' id='word_1_114' title='bbox 440 1251 533 1287; x_wconf 88' lang='lat' dir='ltr'>inter</span> <span class='ocrx_word' id='word_1_115' title='bbox 561 1253 668 1289; x_wconf 83' lang='lat' dir='ltr'>Urbis</span> <span class='ocrx_word' id='word_1_116' title='bbox 695 1253 755 1289; x_wconf 78' lang='lat' dir='ltr'>fibi</span> <span class='ocrx_word' id='word_1_117' title='bbox 778 1254 928 1289; x_wconf 84' lang='lat' dir='ltr'>creditae</span> <span class='ocrx_word' id='word_1_118' title='bbox 948 1256 981 1289; x_wconf 89' lang='lat'>&amp;</span> <span class='ocrx_word' id='word_1_119' title='bbox 1004 1255 1099 1303; x_wconf 80' lang='lat' dir='ltr'>agri,</span> 
     </span>
     <span class='ocr_line' id='line_1_24' title="bbox 340 1299 1098 1340; baseline 0.008 -6"><span class='ocrx_word' id='word_1_120' title='bbox 340 1299 410 1336; x_wconf 79' lang='lat' dir='ltr'>slve</span> <span class='ocrx_word' id='word_1_121' title='bbox 447 1302 621 1338; x_wconf 59' lang='lat' dir='ltr'>distrigtus</span> <span class='ocrx_word' id='word_1_122' title='bbox 667 1313 726 1340; x_wconf 82' lang='lat' dir='ltr'>aut</span> <span class='ocrx_word' id='word_1_123' title='bbox 763 1304 966 1340; x_wconf 83' lang='lat' dir='ltr'>Comitatus</span> <span class='ocrx_word' id='word_1_124' title='bbox 1002 1304 1098 1340; x_wconf 80' lang='lat' dir='ltr'>inco-</span> 
     </span>
     <span class='ocr_line' id='line_1_25' title="bbox 340 1350 1095 1390; baseline 0.007 -5"><span class='ocrx_word' id='word_1_125' title='bbox 340 1350 415 1385; x_wconf 81' lang='lat' dir='ltr'>las?</span> <span class='ocrx_word' id='word_1_126' title='bbox 446 1352 510 1387; x_wconf 89' lang='lat' dir='ltr'>Sed</span> <span class='ocrx_word' id='word_1_127' title='bbox 537 1366 658 1389; x_wconf 84' lang='lat' dir='ltr'>verum</span> <span class='ocrx_word' id='word_1_128' title='bbox 685 1367 783 1388; x_wconf 89' lang='lat' dir='ltr'>arno.</span> <span class='ocrx_word' id='word_1_129' title='bbox 805 1354 897 1389; x_wconf 85' lang='lat' dir='ltr'>Heic</span> <span class='ocrx_word' id='word_1_130' title='bbox 917 1354 1009 1389; x_wconf 86' lang='lat' dir='ltr'>nihil</span> <span class='ocrx_word' id='word_1_131' title='bbox 1031 1368 1095 1390; x_wconf 89' lang='lat' dir='ltr'>cer-</span> 
     </span>
     <span class='ocr_line' id='line_1_26' title="bbox 341 1401 1101 1449; baseline 0.005 -13"><span class='ocrx_word' id='word_1_132' title='bbox 341 1409 420 1436; x_wconf 77' lang='lat' dir='ltr'>tum</span> <span class='ocrx_word' id='word_1_133' title='bbox 448 1401 638 1439; x_wconf 86' lang='lat' dir='ltr'>habemus.</span> <span class='ocrx_word' id='word_1_134' title='bbox 666 1407 781 1439; x_wconf 75' lang='lat' dir='ltr'>Facere</span> <span class='ocrx_word' id='word_1_135' title='bbox 812 1404 997 1449; x_wconf 72' lang='lat' dir='ltr'>justitiam,</span> <span class='ocrx_word' id='word_1_136' title='bbox 1033 1404 1101 1440; x_wconf 86' lang='lat' dir='ltr'>for·</span> 
     </span>
     <span class='ocr_line' id='line_1_27' title="bbox 340 1453 1099 1501; baseline 0.005 -15"><span class='ocrx_word' id='word_1_137' title='bbox 340 1453 438 1487; x_wconf 88' lang='lat' dir='ltr'>mula</span> <span class='ocrx_word' id='word_1_138' title='bbox 466 1453 511 1487; x_wconf 87' lang='lat' dir='ltr'>est</span> <span class='ocrx_word' id='word_1_139' title='bbox 539 1467 607 1489; x_wconf 88' lang='lat' dir='ltr'>non</span> <span class='ocrx_word' id='word_1_140' title='bbox 637 1454 697 1489; x_wconf 90' lang='lat' dir='ltr'>uni</span> <span class='ocrx_word' id='word_1_141' title='bbox 726 1454 1014 1501; x_wconf 82' lang='lat' dir='ltr'>interpretationi</span> <span class='ocrx_word' id='word_1_142' title='bbox 1041 1455 1099 1490; x_wconf 88' lang='lat' dir='ltr'>ob·</span> 
     </span>
     <span class='ocr_line' id='line_1_28' title="bbox 340 1502 1098 1540; baseline 0.004 -3"><span class='ocrx_word' id='word_1_143' title='bbox 340 1502 451 1537; x_wconf 84' lang='lat' dir='ltr'>noxia</span> <span class='ocrx_word' id='word_1_144' title='bbox 473 1530 482 1538; x_wconf 85' lang='lat'><em>.</em></span> <span class='ocrx_word' id='word_1_145' title='bbox 518 1504 611 1539; x_wconf 84' lang='lat' dir='ltr'>Heic</span> <span class='ocrx_word' id='word_1_146' title='bbox 649 1514 765 1540; x_wconf 85' lang='lat' dir='ltr'>autern</span> <span class='ocrx_word' id='word_1_147' title='bbox 803 1504 894 1539; x_wconf 86' lang='lat' dir='ltr'>nihil</span> <span class='ocrx_word' id='word_1_148' title='bbox 932 1504 1027 1540; x_wconf 87' lang='lat' dir='ltr'>aliud</span> <span class='ocrx_word' id='word_1_149' title='bbox 1063 1505 1098 1540; x_wconf 90' lang='lat' dir='ltr'>fi-</span> 
     </span>
     <span class='ocr_line' id='line_1_29' title="bbox 341 1551 1100 1603; baseline 0.004 -16"><span class='ocrx_word' id='word_1_150' title='bbox 341 1551 509 1601; x_wconf 83' lang='lat' dir='ltr'>gnificare</span> <span class='ocrx_word' id='word_1_151' title='bbox 539 1554 698 1599; x_wconf 87' lang='lat' dir='ltr'>videtur,</span> <span class='ocrx_word' id='word_1_152' title='bbox 726 1554 789 1590; x_wconf 84' lang='lat' dir='ltr'>nifi</span> <span class='ocrx_word' id='word_1_153' title='bbox 818 1554 901 1602; x_wconf 83' lang='lat' dir='ltr'>juste</span> <span class='ocrx_word' id='word_1_154' title='bbox 929 1568 1027 1603; x_wconf 86' lang='lat' dir='ltr'>agere</span> <span class='ocrx_word' id='word_1_155' title='bbox 1052 1569 1100 1590; x_wconf 90' lang='lat' dir='ltr'>er-</span> 
     </span>
     <span class='ocr_line' id='line_1_30' title="bbox 340 1603 1101 1651; baseline 0.004 -14"><span class='ocrx_word' id='word_1_156' title='bbox 340 1615 385 1651; x_wconf 82' lang='lat' dir='ltr'>ga</span> <span class='ocrx_word' id='word_1_157' title='bbox 413 1603 501 1639; x_wconf 90' lang='lat' dir='ltr'>alios</span> <span class='ocrx_word' id='word_1_158' title='bbox 529 1604 711 1649; x_wconf 85' lang='lat' dir='ltr'>homines,</span> <span class='ocrx_word' id='word_1_159' title='bbox 739 1606 773 1640; x_wconf 75' lang='lat'>8&lt;</span> <span class='ocrx_word' id='word_1_160' title='bbox 801 1605 903 1640; x_wconf 82' lang='lat' dir='ltr'>illata</span> <span class='ocrx_word' id='word_1_161' title='bbox 930 1606 983 1640; x_wconf 86' lang='lat' dir='ltr'>eis.</span> <span class='ocrx_word' id='word_1_162' title='bbox 1007 1605 1101 1640; x_wconf 86' lang='lat' dir='ltr'>dam·</span> 
     </span>
     <span class='ocr_line' id='line_1_31' title="bbox 339 1652 1100 1703; baseline 0.004 -16"><span class='ocrx_word' id='word_1_163' title='bbox 339 1666 385 1688; x_wconf 84' lang='lat' dir='ltr'>na</span> <span class='ocrx_word' id='word_1_164' title='bbox 413 1652 562 1699; x_wconf 85' lang='lat' dir='ltr'>sarcire,</span> <span class='ocrx_word' id='word_1_165' title='bbox 593 1656 628 1690; x_wconf 79' lang='lat'>8&lt;</span> <span class='ocrx_word' id='word_1_166' title='bbox 655 1655 778 1703; x_wconf 86' lang='lat' dir='ltr'>inique</span> <span class='ocrx_word' id='word_1_167' title='bbox 806 1656 920 1691; x_wconf 87' lang='lat' dir='ltr'>ablata</span> <span class='ocrx_word' id='word_1_168' title='bbox 948 1655 1100 1691; x_wconf 85' lang='lat' dir='ltr'>restitue-</span> 
     </span>
     <span class='ocr_line' id='line_1_32' title="bbox 339 1704 1104 1743; baseline 0 -5"><span class='ocrx_word' id='word_1_169' title='bbox 339 1716 404 1743; x_wconf 81' lang='lat' dir='ltr'>re,</span> <span class='ocrx_word' id='word_1_170' title='bbox 442 1704 495 1739; x_wconf 82' lang='lat' dir='ltr'>uti</span> <span class='ocrx_word' id='word_1_171' title='bbox 533 1705 640 1740; x_wconf 86' lang='lat' dir='ltr'>etiarn</span> <span class='ocrx_word' id='word_1_172' title='bbox 678 1706 715 1741; x_wconf 84' lang='lat' dir='ltr'>in</span> <span class='ocrx_word' id='word_1_173' title='bbox 749 1705 928 1740; x_wconf 79' lang='lat' dir='ltr'>Differtat.</span> <span class='ocrx_word' id='word_1_174' title='bbox 966 1707 1030 1739; x_wconf 91' lang='lat' dir='ltr'>IV.</span> <span class='ocrx_word' id='word_1_175' title='bbox 1065 1706 1104 1739; x_wconf 86' lang='lat' dir='ltr'>de</span> 
     </span>
     <span class='ocr_line' id='line_1_33' title="bbox 342 1752 1102 1800; baseline 0.004 -14"><span class='ocrx_word' id='word_1_176' title='bbox 342 1752 465 1797; x_wconf 79' lang='lat' dir='ltr'>Officiis</span> <span class='ocrx_word' id='word_1_177' title='bbox 499 1758 620 1789; x_wconf 79' lang='lat' dir='ltr'><em>Domus</em></span> <span class='ocrx_word' id='word_1_178' title='bbox 645 1755 768 1800; x_wconf 79' lang='lat' dir='ltr'>Regiae</span> <span class='ocrx_word' id='word_1_179' title='bbox 795 1755 896 1790; x_wconf 83' lang='lat' dir='ltr'>dixi:</span> <span class='ocrx_word' id='word_1_180' title='bbox 937 1767 1008 1789; x_wconf 87' lang='lat' dir='ltr'>non</span> <span class='ocrx_word' id='word_1_181' title='bbox 1046 1768 1102 1790; x_wconf 86' lang='lat' dir='ltr'>au-</span> 
     </span>
    </p>
   </div>
   <div class='ocr_carea' id='block_1_2' title="bbox 339 1802 1162 1853">
    <p class='ocr_par' dir='ltr' id='par_1_2' title="bbox 339 1802 1162 1853">
     <span class='ocr_line' id='line_1_34' title="bbox 339 1802 1162 1853; baseline 0.004 -16"><span class='ocrx_word' id='word_1_182' title='bbox 339 1810 412 1838; x_wconf 76' lang='lat' dir='ltr'>tem</span> <span class='ocrx_word' id='word_1_183' title='bbox 444 1804 494 1850; x_wconf 78' lang='lat' dir='ltr'>jus</span> <span class='ocrx_word' id='word_1_184' title='bbox 521 1805 658 1849; x_wconf 83' lang='lat' dir='ltr'>dicere,</span> <span class='ocrx_word' id='word_1_185' title='bbox 691 1805 760 1840; x_wconf 86' lang='lat' dir='ltr'>five</span> <span class='ocrx_word' id='word_1_186' title='bbox 788 1804 981 1840; x_wconf 84' lang='lat' dir='ltr'>ministrare</span> <span class='ocrx_word' id='word_1_187' title='bbox 1012 1804 1102 1853; x_wconf 77' lang='lat' dir='ltr'>justi·</span> <span class='ocrx_word' id='word_1_188' title='bbox 1159 1802 1162 1806; x_wconf 76' lang='grc'><strong><em>’</em></strong></span> 
     </span>
    </p>
   </div>
   <div class='ocr_carea' id='block_1_3' title="bbox 341 1852 1108 2507">
    <p class='ocr_par' dir='ltr' id='par_1_3' title="bbox 341 1852 1108 2507">
     <span class='ocr_line' id='line_1_35' title="bbox 341 1852 1104 1891; baseline 0.003 -3"><span class='ocrx_word' id='word_1_189' title='bbox 341 1852 428 1888; x_wconf 85' lang='lat' dir='ltr'>tiam</span> <span class='ocrx_word' id='word_1_190' title='bbox 467 1855 505 1889; x_wconf 91' lang='lat' dir='ltr'>in</span> <span class='ocrx_word' id='word_1_191' title='bbox 543 1855 712 1891; x_wconf 85' lang='lat' dir='ltr'>civilibus</span> <span class='ocrx_word' id='word_1_192' title='bbox 756 1864 817 1891; x_wconf 87' lang='lat' dir='ltr'>aut</span> <span class='ocrx_word' id='word_1_193' title='bbox 859 1854 1104 1891; x_wconf 81' lang='lat' dir='ltr'>criminalibus</span> 
     </span>
     <span class='ocr_line' id='line_1_36' title="bbox 343 1903 1104 1951; baseline 0 -12"><span class='ocrx_word' id='word_1_194' title='bbox 343 1903 464 1940; x_wconf 82' lang='lat' dir='ltr'>cauffis</span> <span class='ocrx_word' id='word_1_195' title='bbox 481 1932 489 1940; x_wconf 92' lang='lat'><em>.</em></span> <span class='ocrx_word' id='word_1_196' title='bbox 517 1905 690 1950; x_wconf 67' lang='lat' dir='ltr'>justitiam</span> <span class='ocrx_word' id='word_1_197' title='bbox 716 1907 848 1949; x_wconf 79' lang='lat' dir='ltr'>babere,</span> <span class='ocrx_word' id='word_1_198' title='bbox 870 1906 1030 1951; x_wconf 69' lang='lat' dir='ltr'>justitiam</span> <span class='ocrx_word' id='word_1_199' title='bbox 1055 1919 1104 1939; x_wconf 82' lang='lat' dir='ltr'>ac-</span> 
     </span>
     <span class='ocr_line' id='line_1_37' title="bbox 341 1955 1103 2003; baseline 0.003 -15"><span class='ocrx_word' id='word_1_200' title='bbox 341 1955 465 2000; x_wconf 71' lang='lat' dir='ltr'>cipere,</span> <span class='ocrx_word' id='word_1_201' title='bbox 503 1964 541 1990; x_wconf 90' lang='lat' dir='ltr'>ut</span> <span class='ocrx_word' id='word_1_202' title='bbox 569 1956 613 1991; x_wconf 81' lang='lat' dir='ltr'>est</span> <span class='ocrx_word' id='word_1_203' title='bbox 640 1956 678 1991; x_wconf 90' lang='lat' dir='ltr'>in</span> <span class='ocrx_word' id='word_1_204' title='bbox 705 1957 781 2003; x_wconf 81' lang='lat' dir='ltr'>lege</span> <span class='ocrx_word' id='word_1_205' title='bbox 810 1957 870 1990; x_wconf 84' lang='lat' dir='ltr'>XI.</span> <span class='ocrx_word' id='word_1_206' title='bbox 899 1955 1044 2002; x_wconf 78' lang='lat' dir='ltr'>Pippini</span> <span class='ocrx_word' id='word_1_207' title='bbox 1073 1957 1103 1990; x_wconf 83' lang='lat'>1-</span> 
     </span>
     <span class='ocr_line' id='line_1_38' title="bbox 343 2003 1106 2053; baseline 0.003 -15"><span class='ocrx_word' id='word_1_208' title='bbox 343 2003 450 2040; x_wconf 76' lang='lat' dir='ltr'>taliae</span> <span class='ocrx_word' id='word_1_209' title='bbox 480 2005 612 2053; x_wconf 83' lang='lat' dir='ltr'>Regis,</span> <span class='ocrx_word' id='word_1_210' title='bbox 640 2005 682 2039; x_wconf 89' lang='lat' dir='ltr'>de</span> <span class='ocrx_word' id='word_1_211' title='bbox 709 2005 755 2040; x_wconf 85' lang='lat' dir='ltr'>iis</span> <span class='ocrx_word' id='word_1_212' title='bbox 783 2004 934 2040; x_wconf 82' lang='lat' dir='ltr'>viciffim</span> <span class='ocrx_word' id='word_1_213' title='bbox 970 2005 1106 2040; x_wconf 80' lang='lat' dir='ltr'>diceba-</span> 
     </span>
     <span class='ocr_line' id='line_1_39' title="bbox 341 2054 1106 2102; baseline -0.001 -13"><span class='ocrx_word' id='word_1_214' title='bbox 341 2062 424 2095; x_wconf 87' lang='lat' dir='ltr'>tur,</span> <span class='ocrx_word' id='word_1_215' title='bbox 460 2054 587 2102; x_wconf 79' lang='lat' dir='ltr'>quibus</span> <span class='ocrx_word' id='word_1_216' title='bbox 624 2055 878 2090; x_wconf 87' lang='lat' dir='ltr'>emendandum</span> <span class='ocrx_word' id='word_1_217' title='bbox 916 2063 977 2090; x_wconf 89' lang='lat' dir='ltr'>aut</span> <span class='ocrx_word' id='word_1_218' title='bbox 1012 2054 1106 2090; x_wconf 81' lang='lat' dir='ltr'>resti-</span> 
     </span>
     <span class='ocr_line' id='line_1_40' title="bbox 343 2104 1107 2153; baseline 0.001 -14"><span class='ocrx_word' id='word_1_219' title='bbox 343 2104 514 2140; x_wconf 76' lang='lat' dir='ltr'>tuendum</span> <span class='ocrx_word' id='word_1_220' title='bbox 542 2114 615 2141; x_wconf 87' lang='lat' dir='ltr'>erat</span> <span class='ocrx_word' id='word_1_221' title='bbox 645 2105 818 2153; x_wconf 81' lang='lat' dir='ltr'>quidquid</span> <span class='ocrx_word' id='word_1_222' title='bbox 847 2105 995 2153; x_wconf 85' lang='lat' dir='ltr'>justitiae</span> <span class='ocrx_word' id='word_1_223' title='bbox 1015 2106 1107 2153; x_wconf 81' lang='lat' dir='ltr'>leges</span> 
     </span>
     <span class='ocr_line' id='line_1_41' title="bbox 343 2154 1107 2203; baseline 0.003 -14"><span class='ocrx_word' id='word_1_224' title='bbox 343 2154 553 2202; x_wconf 86' lang='lat' dir='ltr'>poscebant.</span> <span class='ocrx_word' id='word_1_225' title='bbox 580 2157 675 2191; x_wconf 85' lang='lat' dir='ltr'>Tam</span> <span class='ocrx_word' id='word_1_226' title='bbox 701 2156 865 2191; x_wconf 86' lang='lat' dir='ltr'>Comites</span> <span class='ocrx_word' id='word_1_227' title='bbox 890 2169 995 2203; x_wconf 74' lang='lat' dir='ltr'>quam</span> <span class='ocrx_word' id='word_1_228' title='bbox 1023 2155 1107 2191; x_wconf 85' lang='lat' dir='ltr'>Vaf-</span> 
     </span>
     <span class='ocr_line' id='line_1_42' title="bbox 345 2203 1108 2255; baseline 0.001 -15"><span class='ocrx_word' id='word_1_229' title='bbox 345 2203 369 2240; x_wconf 83' lang='lat' dir='ltr'>fi</span> <span class='ocrx_word' id='word_1_230' title='bbox 398 2205 511 2241; x_wconf 83' lang='lat' dir='ltr'>aliena</span> <span class='ocrx_word' id='word_1_231' title='bbox 539 2205 715 2242; x_wconf 85' lang='lat' dir='ltr'>interdum</span> <span class='ocrx_word' id='word_1_232' title='bbox 745 2207 819 2255; x_wconf 80' lang='lat' dir='ltr'>jura</span> <span class='ocrx_word' id='word_1_233' title='bbox 855 2215 915 2242; x_wconf 88' lang='lat' dir='ltr'>aut</span> <span class='ocrx_word' id='word_1_234' title='bbox 953 2207 1042 2241; x_wconf 90' lang='lat' dir='ltr'>bona</span> <span class='ocrx_word' id='word_1_235' title='bbox 1070 2220 1108 2241; x_wconf 91' lang='lat' dir='ltr'>u-</span> 
     </span>
     <span class='ocr_line' id='line_1_43' title="bbox 345 2256 1106 2304; baseline 0.001 -13"><span class='ocrx_word' id='word_1_236' title='bbox 345 2256 531 2304; x_wconf 85' lang='lat' dir='ltr'>surpabant</span> <span class='ocrx_word' id='word_1_237' title='bbox 550 2284 560 2300; x_wconf 91' lang='lat'>,</span> <span class='ocrx_word' id='word_1_238' title='bbox 587 2270 692 2293; x_wconf 88' lang='lat' dir='ltr'>onera</span> <span class='ocrx_word' id='word_1_239' title='bbox 720 2270 758 2292; x_wconf 87' lang='lat' dir='ltr'>ac</span> <span class='ocrx_word' id='word_1_240' title='bbox 786 2257 920 2293; x_wconf 81' lang='lat' dir='ltr'>tributa</span> <span class='ocrx_word' id='word_1_241' title='bbox 948 2256 1106 2292; x_wconf 71' lang='lat' dir='ltr'>indebita</span> 
     </span>
     <span class='ocr_line' id='line_1_44' title="bbox 348 2308 1106 2356; baseline 0 -14"><span class='ocrx_word' id='word_1_242' title='bbox 348 2309 484 2352; x_wconf 81' lang='lat' dir='ltr'>Populo</span> <span class='ocrx_word' id='word_1_243' title='bbox 512 2308 763 2356; x_wconf 87' lang='lat' dir='ltr'>imponebant,</span> <span class='ocrx_word' id='word_1_244' title='bbox 791 2320 981 2355; x_wconf 80' lang='lat' dir='ltr'>eorumque</span> <span class='ocrx_word' id='word_1_245' title='bbox 1007 2320 1106 2355; x_wconf 87' lang='lat' dir='ltr'>pecu-</span> 
     </span>
     <span class='ocr_line' id='line_1_45' title="bbox 346 2356 1104 2407; baseline -0.003 -14"><span class='ocrx_word' id='word_1_246' title='bbox 346 2357 442 2393; x_wconf 85' lang='lat' dir='ltr'>niam</span> <span class='ocrx_word' id='word_1_247' title='bbox 489 2358 612 2395; x_wconf 86' lang='lat' dir='ltr'>multis</span> <span class='ocrx_word' id='word_1_248' title='bbox 661 2359 917 2407; x_wconf 82' lang='lat' dir='ltr'>extorquebant</span> <span class='ocrx_word' id='word_1_249' title='bbox 961 2356 1104 2393; x_wconf 85' lang='lat' dir='ltr'>modis:</span> 
     </span>
     <span class='ocr_line' id='line_1_46' title="bbox 346 2406 1107 2457; baseline -0.003 -13"><span class='ocrx_word' id='word_1_250' title='bbox 346 2421 524 2457; x_wconf 87' lang='lat' dir='ltr'>nunquam</span> <span class='ocrx_word' id='word_1_251' title='bbox 563 2412 645 2446; x_wconf 76' lang='lat' dir='ltr'>verb</span> <span class='ocrx_word' id='word_1_252' title='bbox 686 2409 944 2445; x_wconf 84' lang='lat' dir='ltr'>adducebantur</span> <span class='ocrx_word' id='word_1_253' title='bbox 988 2406 1030 2443; x_wconf 89' lang='lat' dir='ltr'>ad</span> <span class='ocrx_word' id='word_1_254' title='bbox 1072 2420 1107 2442; x_wconf 89' lang='lat' dir='ltr'>e·</span> 
     </span>
     <span class='ocr_line' id='line_1_47' title="bbox 347 2457 1105 2507; baseline -0.004 -11"><span class='ocrx_word' id='word_1_255' title='bbox 347 2459 610 2497; x_wconf 83' lang='lat' dir='ltr'>mendationem</span> <span class='ocrx_word' id='word_1_256' title='bbox 645 2459 835 2507; x_wconf 77' lang='lat' dir='ltr'>injustitiae</span> <span class='ocrx_word' id='word_1_257' title='bbox 863 2472 902 2496; x_wconf 89' lang='lat' dir='ltr'>ac</span> <span class='ocrx_word' id='word_1_258' title='bbox 929 2457 1105 2507; x_wconf 87' lang='lat' dir='ltr'>impoten-</span> 
     </span>
    </p>
   </div>
   <div class='ocr_carea' id='block_1_4' title="bbox 1134 2403 1140 2498">
    <p class='ocr_par' dir='ltr' id='par_1_4' title="bbox 1134 2403 1140 2498">
     <span class='ocr_line' id='line_1_48' title="bbox 1134 2403 1140 2498; baseline 0 529"><span class='ocrx_word' id='word_1_259' title='bbox 1134 2403 1140 2498; x_wconf 95' lang='lat' dir='ltr'> </span> 
     </span>
    </p>
   </div>
   <div class='ocr_carea' id='block_1_5' title="bbox 1165 143 1913 200">
    <p class='ocr_par' dir='ltr' id='par_1_5' title="bbox 1165 143 1913 200">
     <span class='ocr_line' id='line_1_49' title="bbox 1165 143 1913 200; baseline 0.007 -15"><span class='ocrx_word' id='word_1_260' title='bbox 1165 143 1402 187; x_wconf 87' lang='lat' dir='ltr'><em>MEDII</em></span> <span class='ocrx_word' id='word_1_261' title='bbox 1457 145 1636 188; x_wconf 87' lang='lat' dir='ltr'><em>AEVI</em></span> <span class='ocrx_word' id='word_1_262' title='bbox 1835 150 1913 200; x_wconf 73' lang='lat'>148</span> 
     </span>
    </p>
   </div>
   <div class='ocr_carea' id='block_1_6' title="bbox 1139 203 1981 2541">
    <p class='ocr_par' dir='ltr' id='par_1_6' title="bbox 1139 203 1974 496">
     <span class='ocr_line' id='line_1_50' title="bbox 1139 203 1974 253; baseline 0.001 -16"><span class='ocrx_word' id='word_1_263' title='bbox 1139 203 1173 237; x_wconf 92' lang='lat' dir='ltr'>A</span> <span class='ocrx_word' id='word_1_264' title='bbox 1212 203 1283 239; x_wconf 87' lang='lat' dir='ltr'>tiae</span> <span class='ocrx_word' id='word_1_265' title='bbox 1311 203 1410 247; x_wconf 88' lang='lat' dir='ltr'>suae,</span> <span class='ocrx_word' id='word_1_266' title='bbox 1438 204 1501 240; x_wconf 84' lang='lat' dir='ltr'>nisl</span> <span class='ocrx_word' id='word_1_267' title='bbox 1529 218 1638 253; x_wconf 89' lang='lat' dir='ltr'>quum</span> <span class='ocrx_word' id='word_1_268' title='bbox 1667 204 1720 239; x_wconf 88' lang='lat' dir='ltr'>vis</span> <span class='ocrx_word' id='word_1_269' title='bbox 1742 203 1897 252; x_wconf 85' lang='lat' dir='ltr'>superior</span> <span class='ocrx_word' id='word_1_270' title='bbox 1924 204 1974 238; x_wconf 72' lang='lat' dir='ltr'>aL-</span> 
     </span>
     <span class='ocr_line' id='line_1_51' title="bbox 1213 253 1973 302; baseline 0 -14"><span class='ocrx_word' id='word_1_271' title='bbox 1213 253 1314 289; x_wconf 88' lang='lat' dir='ltr'>tioris</span> <span class='ocrx_word' id='word_1_272' title='bbox 1353 254 1563 299; x_wconf 86' lang='lat' dir='ltr'>ministerii,</span> <span class='ocrx_word' id='word_1_273' title='bbox 1600 263 1660 290; x_wconf 82' lang='lat' dir='ltr'>aut</span> <span class='ocrx_word' id='word_1_274' title='bbox 1696 254 1798 302; x_wconf 85' lang='lat' dir='ltr'>ipfius</span> <span class='ocrx_word' id='word_1_275' title='bbox 1839 253 1973 299; x_wconf 75' lang='lat' dir='ltr'>Regis,</span> 
     </span>
     <span class='ocr_line' id='line_1_52' title="bbox 1213 304 1972 353; baseline 0.001 -15"><span class='ocrx_word' id='word_1_276' title='bbox 1213 317 1270 339; x_wconf 89' lang='lat' dir='ltr'>eos</span> <span class='ocrx_word' id='word_1_277' title='bbox 1298 304 1334 338; x_wconf 90' lang='lat' dir='ltr'>in</span> <span class='ocrx_word' id='word_1_278' title='bbox 1363 305 1542 340; x_wconf 85' lang='lat' dir='ltr'>tramitem</span> <span class='ocrx_word' id='word_1_279' title='bbox 1572 304 1720 353; x_wconf 81' lang='lat' dir='ltr'>justitiae</span> <span class='ocrx_word' id='word_1_280' title='bbox 1757 304 1972 339; x_wconf 84' lang='lat' dir='ltr'>revocabat.</span> 
     </span>
     <span class='ocr_line' id='line_1_53' title="bbox 1213 353 1972 398; baseline -0.001 -10"><span class='ocrx_word' id='word_1_281' title='bbox 1213 355 1330 398; x_wconf 84' lang='lat' dir='ltr'>Quare</span> <span class='ocrx_word' id='word_1_282' title='bbox 1357 354 1448 390; x_wconf 89' lang='lat' dir='ltr'>nihil</span> <span class='ocrx_word' id='word_1_283' title='bbox 1477 355 1563 391; x_wconf 90' lang='lat' dir='ltr'>certi</span> <span class='ocrx_word' id='word_1_284' title='bbox 1589 355 1670 390; x_wconf 89' lang='lat' dir='ltr'>inde</span> <span class='ocrx_word' id='word_1_285' title='bbox 1691 354 1826 389; x_wconf 79' lang='lat' dir='ltr'>haurias</span> <span class='ocrx_word' id='word_1_286' title='bbox 1848 355 1887 388; x_wconf 94' lang='lat' dir='ltr'>ad</span> <span class='ocrx_word' id='word_1_287' title='bbox 1911 353 1972 388; x_wconf 86' lang='lat' dir='ltr'>sta-</span> 
     </span>
     <span class='ocr_line' id='line_1_54' title="bbox 1215 402 1974 454; baseline 0.003 -18"><span class='ocrx_word' id='word_1_288' title='bbox 1215 403 1405 439; x_wconf 81' lang='lat' dir='ltr'>biliendam</span> <span class='ocrx_word' id='word_1_289' title='bbox 1451 405 1730 454; x_wconf 60' lang='lat' dir='ltr'>jurisdiffiionem</span> <span class='ocrx_word' id='word_1_290' title='bbox 1775 404 1814 440; x_wconf 87' lang='lat' dir='ltr'>in</span> <span class='ocrx_word' id='word_1_291' title='bbox 1860 402 1974 438; x_wconf 84' lang='lat' dir='ltr'>Vaffis</span> 
     </span>
     <span class='ocr_line' id='line_1_55' title="bbox 1214 453 1606 496; baseline 0.01 -9"><span class='ocrx_word' id='word_1_292' title='bbox 1214 453 1359 488; x_wconf 86' lang='lat' dir='ltr'>illorum</span> <span class='ocrx_word' id='word_1_293' title='bbox 1387 463 1606 496; x_wconf 77' lang='lat' dir='ltr'>temporum.</span> 
     </span>
    </p>

    <p class='ocr_par' dir='ltr' id='par_1_7' title="bbox 1217 503 1975 651">
     <span class='ocr_line' id='line_1_56' title="bbox 1266 503 1971 555; baseline 0 -17"><span class='ocrx_word' id='word_1_294' title='bbox 1266 505 1396 539; x_wconf 70' lang='lat' dir='ltr'>Verum</span> <span class='ocrx_word' id='word_1_295' title='bbox 1418 505 1476 540; x_wconf 89' lang='lat' dir='ltr'>etfi</span> <span class='ocrx_word' id='word_1_296' title='bbox 1500 505 1668 555; x_wconf 66' lang='lat' dir='ltr'>ejusmodi</span> <span class='ocrx_word' id='word_1_297' title='bbox 1693 503 1971 554; x_wconf 80' lang='lat' dir='ltr'>praerogativam</span> 
     </span>
     <span class='ocr_line' id='line_1_57' title="bbox 1217 553 1972 596; baseline 0 -8"><span class='ocrx_word' id='word_1_298' title='bbox 1217 553 1253 588; x_wconf 91' lang='lat' dir='ltr'>in</span> <span class='ocrx_word' id='word_1_299' title='bbox 1292 554 1403 590; x_wconf 86' lang='lat' dir='ltr'>Vaffis</span> <span class='ocrx_word' id='word_1_300' title='bbox 1439 555 1485 591; x_wconf 86' lang='lat' dir='ltr'>iis</span> <span class='ocrx_word' id='word_1_301' title='bbox 1522 556 1693 591; x_wconf 78' lang='lat' dir='ltr'>affirmare</span> <span class='ocrx_word' id='word_1_302' title='bbox 1729 568 1800 590; x_wconf 86' lang='lat' dir='ltr'>non</span> <span class='ocrx_word' id='word_1_303' title='bbox 1836 554 1972 596; x_wconf 77' lang='lat' dir='ltr'>audeo,</span> 
     </span>
     <span class='ocr_line' id='line_1_58' title="bbox 1220 602 1975 651; baseline -0.003 -13"><span class='ocrx_word' id='word_1_304' title='bbox 1220 603 1433 651; x_wconf 65' lang='lat' dir='ltr'>perspet‘Ptum</span> <span class='ocrx_word' id='word_1_305' title='bbox 1462 614 1579 641; x_wconf 81' lang='lat' dir='ltr'>tamen</span> <span class='ocrx_word' id='word_1_306' title='bbox 1608 606 1739 649; x_wconf 88' lang='lat' dir='ltr'>habeo,</span> <span class='ocrx_word' id='word_1_307' title='bbox 1760 617 1830 639; x_wconf 77' lang='lat' dir='ltr'>non</span> <span class='ocrx_word' id='word_1_308' title='bbox 1851 602 1975 638; x_wconf 81' lang='lat' dir='ltr'>defuis-</span> 
     </span>
    </p>

    <p class='ocr_par' dir='ltr' id='par_1_8' title="bbox 1142 652 1975 1102">
     <span class='ocr_line' id='line_1_59' title="bbox 1142 652 1974 700; baseline -0.001 -12"><span class='ocrx_word' id='word_1_309' title='bbox 1142 655 1167 688; x_wconf 75' lang='lat' dir='ltr'>B</span> <span class='ocrx_word' id='word_1_310' title='bbox 1217 653 1248 688; x_wconf 91' lang='lat' dir='ltr'>se</span> <span class='ocrx_word' id='word_1_311' title='bbox 1285 653 1384 689; x_wconf 88' lang='lat' dir='ltr'>illam</span> <span class='ocrx_word' id='word_1_312' title='bbox 1423 654 1510 689; x_wconf 87' lang='lat' dir='ltr'>viris</span> <span class='ocrx_word' id='word_1_313' title='bbox 1548 655 1619 697; x_wconf 89' lang='lat' dir='ltr'>iis,</span> <span class='ocrx_word' id='word_1_314' title='bbox 1656 668 1743 700; x_wconf 88' lang='lat' dir='ltr'>quos</span> <span class='ocrx_word' id='word_1_315' title='bbox 1780 652 1974 699; x_wconf 83' lang='lat' dir='ltr'>antiquitas</span> 
     </span>
     <span class='ocr_line' id='line_1_60' title="bbox 1216 703 1973 750; baseline -0.001 -12"><span class='ocrx_word' id='word_1_316' title='bbox 1216 705 1389 750; x_wconf 83' lang='lat' dir='ltr'>appellare</span> <span class='ocrx_word' id='word_1_317' title='bbox 1434 703 1616 739; x_wconf 83' lang='lat' dir='ltr'>consuevit</span> <span class='ocrx_word' id='word_1_318' title='bbox 1657 703 1732 737; x_wconf 83' lang='lat' dir='ltr'>Loci</span> <span class='ocrx_word' id='word_1_319' title='bbox 1768 705 1973 737; x_wconf 56' lang='lat' dir='ltr'>Servatus-es.</span> 
     </span>
     <span class='ocr_line' id='line_1_61' title="bbox 1218 751 1975 801; baseline -0.003 -13"><span class='ocrx_word' id='word_1_320' title='bbox 1218 753 1280 788; x_wconf 87' lang='lat' dir='ltr'>Sed</span> <span class='ocrx_word' id='word_1_321' title='bbox 1309 753 1485 801; x_wconf 88' lang='lat' dir='ltr'>quodnam</span> <span class='ocrx_word' id='word_1_322' title='bbox 1514 753 1580 789; x_wconf 91' lang='lat' dir='ltr'>hoc</span> <span class='ocrx_word' id='word_1_323' title='bbox 1602 767 1727 788; x_wconf 87' lang='lat' dir='ltr'>munus</span> <span class='ocrx_word' id='word_1_324' title='bbox 1746 751 1838 788; x_wconf 85' lang='lat' dir='ltr'>fuit?</span> <span class='ocrx_word' id='word_1_325' title='bbox 1867 751 1975 800; x_wconf 86' lang='lat' dir='ltr'>Equi-</span> 
     </span>
     <span class='ocr_line' id='line_1_62' title="bbox 1215 802 1975 847; baseline -0.001 -9"><span class='ocrx_word' id='word_1_326' title='bbox 1215 803 1294 838; x_wconf 84' lang='lat' dir='ltr'>dem</span> <span class='ocrx_word' id='word_1_327' title='bbox 1343 804 1492 839; x_wconf 86' lang='lat' dir='ltr'>minime</span> <span class='ocrx_word' id='word_1_328' title='bbox 1533 805 1741 847; x_wconf 87' lang='lat' dir='ltr'>decernam,</span> <span class='ocrx_word' id='word_1_329' title='bbox 1783 802 1975 838; x_wconf 81' lang='lat' dir='ltr'>fuerint-ne</span> 
     </span>
     <span class='ocr_line' id='line_1_63' title="bbox 1217 853 1975 903; baseline -0.003 -14"><span class='ocrx_word' id='word_1_330' title='bbox 1217 855 1300 892; x_wconf 80' lang='lat' dir='ltr'>illi.</span> <span class='ocrx_word' id='word_1_331' title='bbox 1337 855 1560 903; x_wconf 82' lang='lat' dir='ltr'>Magistratus</span> <span class='ocrx_word' id='word_1_332' title='bbox 1598 855 1615 889; x_wconf 77' lang='grc' dir='ltr'>ὲ</span> <span class='ocrx_word' id='word_1_333' title='bbox 1643 853 1790 890; x_wconf 89' lang='lat' dir='ltr'>Civium</span> <span class='ocrx_word' id='word_1_334' title='bbox 1828 866 1975 888; x_wconf 88' lang='lat' dir='ltr'>numero</span> 
     </span>
     <span class='ocr_line' id='line_1_64' title="bbox 1216 903 1973 952; baseline -0.001 -14"><span class='ocrx_word' id='word_1_335' title='bbox 1216 904 1366 948; x_wconf 68' lang='lat' dir='ltr'>dele&amp;i‚</span> <span class='ocrx_word' id='word_1_336' title='bbox 1404 915 1508 952; x_wconf 83' lang='lat' dir='ltr'>atque</span> <span class='ocrx_word' id='word_1_337' title='bbox 1547 904 1742 947; x_wconf 81' lang='lat' dir='ltr'>ordinarii,</span> <span class='ocrx_word' id='word_1_338' title='bbox 1777 916 1819 939; x_wconf 75' lang='lat' dir='ltr'>an</span> <span class='ocrx_word' id='word_1_339' title='bbox 1856 903 1973 951; x_wconf 85' lang='lat' dir='ltr'>potius</span> 
     </span>
     <span class='ocr_line' id='line_1_65' title="bbox 1217 952 1973 1001; baseline -0.001 -13"><span class='ocrx_word' id='word_1_340' title='bbox 1217 954 1352 990; x_wconf 87' lang='lat' dir='ltr'>Vicarii</span> <span class='ocrx_word' id='word_1_341' title='bbox 1380 955 1538 997; x_wconf 81' lang='lat' dir='ltr'>Comitis,</span> <span class='ocrx_word' id='word_1_342' title='bbox 1577 965 1635 990; x_wconf 87' lang='lat' dir='ltr'>aut</span> <span class='ocrx_word' id='word_1_343' title='bbox 1665 955 1788 995; x_wconf 73' lang='lat' dir='ltr'>Ducis;</span> <span class='ocrx_word' id='word_1_344' title='bbox 1814 964 1917 1001; x_wconf 83' lang='lat' dir='ltr'>atque</span> <span class='ocrx_word' id='word_1_345' title='bbox 1945 952 1973 987; x_wconf 73' lang='lat' dir='ltr'>i-</span> 
     </span>
     <span class='ocr_line' id='line_1_66' title="bbox 1216 1004 1974 1054; baseline -0.004 -14"><span class='ocrx_word' id='word_1_346' title='bbox 1216 1013 1250 1040; x_wconf 87' lang='lat' dir='ltr'>ta</span> <span class='ocrx_word' id='word_1_347' title='bbox 1278 1005 1472 1054; x_wconf 86' lang='lat' dir='ltr'>appellati,</span> <span class='ocrx_word' id='word_1_348' title='bbox 1500 1005 1592 1053; x_wconf 86' lang='lat' dir='ltr'>quod</span> <span class='ocrx_word' id='word_1_349' title='bbox 1622 1006 1737 1040; x_wconf 84' lang='lat' dir='ltr'>locum</span> <span class='ocrx_word' id='word_1_350' title='bbox 1760 1004 1858 1039; x_wconf 90' lang='lat' dir='ltr'>illius</span> <span class='ocrx_word' id='word_1_351' title='bbox 1880 1012 1974 1038; x_wconf 85' lang='lat' dir='ltr'>tene-</span> 
     </span>
     <span class='ocr_line' id='line_1_67' title="bbox 1215 1053 1974 1102; baseline -0.007 -12"><span class='ocrx_word' id='word_1_352' title='bbox 1215 1065 1291 1090; x_wconf 87' lang='lat' dir='ltr'>rent</span> <span class='ocrx_word' id='word_1_353' title='bbox 1308 1083 1317 1099; x_wconf 92' lang='lat'>,</span> <span class='ocrx_word' id='word_1_354' title='bbox 1339 1055 1431 1102; x_wconf 74' lang='lat' dir='ltr'>quasi</span> <span class='ocrx_word' id='word_1_355' title='bbox 1456 1057 1552 1090; x_wconf 86' lang='lat' dir='ltr'>nulla</span> <span class='ocrx_word' id='word_1_356' title='bbox 1577 1054 1682 1089; x_wconf 89' lang='lat' dir='ltr'>fuerit</span> <span class='ocrx_word' id='word_1_357' title='bbox 1702 1054 1898 1088; x_wconf 78' lang='lat' dir='ltr'>differentia</span> <span class='ocrx_word' id='word_1_358' title='bbox 1919 1053 1974 1087; x_wconf 69' lang='lat' dir='ltr'>in·</span> 
     </span>
    </p>

    <p class='ocr_par' dir='ltr' id='par_1_9' title="bbox 1141 1103 1978 1551">
     <span class='ocr_line' id='line_1_68' title="bbox 1141 1103 1973 1154; baseline -0.007 -12"><span class='ocrx_word' id='word_1_359' title='bbox 1141 1105 1171 1138; x_wconf 90' lang='lat' dir='ltr'>C</span> <span class='ocrx_word' id='word_1_360' title='bbox 1217 1114 1268 1141; x_wconf 87' lang='lat' dir='ltr'>ter</span> <span class='ocrx_word' id='word_1_361' title='bbox 1287 1105 1401 1154; x_wconf 85' lang='lat' dir='ltr'>ipsos,</span> <span class='ocrx_word' id='word_1_362' title='bbox 1421 1106 1453 1140; x_wconf 87' lang='lat'>&amp;</span> <span class='ocrx_word' id='word_1_363' title='bbox 1476 1108 1553 1139; x_wconf 76' lang='lat' dir='ltr'>Loso</span> <span class='ocrx_word' id='word_1_364' title='bbox 1570 1103 1703 1150; x_wconf 81' lang='lat' dir='ltr'>positos,</span> <span class='ocrx_word' id='word_1_365' title='bbox 1729 1114 1876 1150; x_wconf 84' lang='lat' dir='ltr'>quorum</span> <span class='ocrx_word' id='word_1_366' title='bbox 1902 1114 1973 1136; x_wconf 80' lang='lat' dir='ltr'>non</span> 
     </span>
     <span class='ocr_line' id='line_1_69' title="bbox 1217 1151 1973 1199; baseline -0.007 -8"><span class='ocrx_word' id='word_1_367' title='bbox 1217 1160 1292 1191; x_wconf 80' lang='lat' dir='ltr'>raro</span> <span class='ocrx_word' id='word_1_368' title='bbox 1320 1155 1472 1191; x_wconf 87' lang='lat' dir='ltr'>occurrit</span> <span class='ocrx_word' id='word_1_369' title='bbox 1500 1153 1635 1189; x_wconf 88' lang='lat' dir='ltr'>mentio</span> <span class='ocrx_word' id='word_1_370' title='bbox 1673 1153 1709 1188; x_wconf 90' lang='lat' dir='ltr'>in</span> <span class='ocrx_word' id='word_1_371' title='bbox 1747 1151 1973 1199; x_wconf 80' lang='lat' dir='ltr'>antiquorum</span> 
     </span>
     <span class='ocr_line' id='line_1_70' title="bbox 1216 1201 1975 1253; baseline -0.008 -12"><span class='ocrx_word' id='word_1_372' title='bbox 1216 1206 1379 1241; x_wconf 78' lang='lat' dir='ltr'>Chattis.</span> <span class='ocrx_word' id='word_1_373' title='bbox 1408 1207 1508 1250; x_wconf 86' lang='lat' dir='ltr'>Quae</span> <span class='ocrx_word' id='word_1_374' title='bbox 1537 1217 1643 1253; x_wconf 88' lang='lat' dir='ltr'>pauca</span> <span class='ocrx_word' id='word_1_375' title='bbox 1672 1203 1708 1239; x_wconf 87' lang='lat' dir='ltr'>in</span> <span class='ocrx_word' id='word_1_376' title='bbox 1737 1202 1824 1237; x_wconf 88' lang='lat' dir='ltr'>hanc</span> <span class='ocrx_word' id='word_1_377' title='bbox 1845 1214 1916 1236; x_wconf 81' lang='lat' dir='ltr'>rern</span> <span class='ocrx_word' id='word_1_378' title='bbox 1942 1201 1975 1236; x_wconf 88' lang='lat' dir='ltr'>se</span> 
     </span>
     <span class='ocr_line' id='line_1_71' title="bbox 1220 1251 1975 1298; baseline -0.005 -8"><span class='ocrx_word' id='word_1_379' title='bbox 1220 1255 1309 1290; x_wconf 87' lang='lat' dir='ltr'>mihi</span> <span class='ocrx_word' id='word_1_380' title='bbox 1337 1255 1558 1297; x_wconf 80' lang='lat' dir='ltr'>obtulerint,</span> <span class='ocrx_word' id='word_1_381' title='bbox 1588 1253 1757 1289; x_wconf 79' lang='lat' dir='ltr'>adferam.</span> <span class='ocrx_word' id='word_1_382' title='bbox 1796 1254 1875 1287; x_wconf 89' lang='lat' dir='ltr'>Huc</span> <span class='ocrx_word' id='word_1_383' title='bbox 1904 1251 1975 1298; x_wconf 83' lang='lat' dir='ltr'>spe-</span> 
     </span>
     <span class='ocr_line' id='line_1_72' title="bbox 1216 1301 1973 1353; baseline -0.007 -13"><span class='ocrx_word' id='word_1_384' title='bbox 1216 1305 1288 1340; x_wconf 67' lang='lat' dir='ltr'>&amp;at</span> <span class='ocrx_word' id='word_1_385' title='bbox 1315 1305 1436 1340; x_wconf 76' lang='lat' dir='ltr'>Caroli</span> <span class='ocrx_word' id='word_1_386' title='bbox 1474 1304 1599 1353; x_wconf 80' lang='lat' dir='ltr'>Magni</span> <span class='ocrx_word' id='word_1_387' title='bbox 1637 1306 1713 1340; x_wconf 83' lang='lat' dir='ltr'>Lex</span> <span class='ocrx_word' id='word_1_388' title='bbox 1751 1301 1973 1350; x_wconf 64' lang='lat' dir='ltr'>Langobard,</span> 
     </span>
     <span class='ocr_line' id='line_1_73' title="bbox 1216 1352 1976 1400; baseline -0.008 -9"><span class='ocrx_word' id='word_1_389' title='bbox 1216 1357 1453 1391; x_wconf 72' lang='lat' dir='ltr'>LXXXVIII.</span> <span class='ocrx_word' id='word_1_390' title='bbox 1483 1355 1536 1389; x_wconf 84' lang='lat' dir='ltr'>his</span> <span class='ocrx_word' id='word_1_391' title='bbox 1567 1355 1679 1389; x_wconf 82' lang='lat' dir='ltr'>verbis</span> <span class='ocrx_word' id='word_1_392' title='bbox 1707 1362 1894 1400; x_wconf 83' lang='lat' dir='ltr'>concepta:</span> <span class='ocrx_word' id='word_1_393' title='bbox 1935 1352 1976 1386; x_wconf 73' lang='lat' dir='ltr'>Si</span> 
     </span>
     <span class='ocr_line' id='line_1_74' title="bbox 1219 1402 1977 1452; baseline -0.007 -12"><span class='ocrx_word' id='word_1_394' title='bbox 1219 1406 1290 1452; x_wconf 83' lang='lat' dir='ltr'>quis</span> <span class='ocrx_word' id='word_1_395' title='bbox 1311 1406 1414 1449; x_wconf 74' lang='lat' dir='ltr'>furem</span> <span class='ocrx_word' id='word_1_396' title='bbox 1439 1406 1493 1439; x_wconf 83' lang='lat' dir='ltr'>vel</span> <span class='ocrx_word' id='word_1_397' title='bbox 1519 1406 1670 1440; x_wconf 70' lang='lat' dir='ltr'>latronem</span> <span class='ocrx_word' id='word_1_398' title='bbox 1696 1402 1977 1451; x_wconf 70' lang='lat' dir='ltr'>comprehenderit,</span> 
     </span>
     <span class='ocr_line' id='line_1_75' title="bbox 1220 1453 1978 1500; baseline -0.007 -10"><span class='ocrx_word' id='word_1_399' title='bbox 1220 1457 1263 1489; x_wconf 69' lang='grc'>(9·</span> <span class='ocrx_word' id='word_1_400' title='bbox 1289 1470 1356 1490; x_wconf 82' lang='lat' dir='ltr'>eum</span> <span class='ocrx_word' id='word_1_401' title='bbox 1385 1457 1558 1489; x_wconf 77' lang='lat' dir='ltr'>indemnem</span> <span class='ocrx_word' id='word_1_402' title='bbox 1595 1455 1771 1500; x_wconf 78' lang='lat' dir='ltr'>dimiserit,</span> <span class='ocrx_word' id='word_1_403' title='bbox 1808 1466 1902 1499; x_wconf 72' lang='lat' dir='ltr'>neque</span> <span class='ocrx_word' id='word_1_404' title='bbox 1938 1453 1978 1485; x_wconf 81' lang='lat' dir='ltr'>il-</span> 
     </span>
     <span class='ocr_line' id='line_1_76' title="bbox 1217 1502 1977 1551; baseline -0.007 -12"><span class='ocrx_word' id='word_1_405' title='bbox 1217 1507 1282 1539; x_wconf 79' lang='lat' dir='ltr'>lum</span> <span class='ocrx_word' id='word_1_406' title='bbox 1308 1509 1351 1541; x_wconf 84' lang='lat' dir='ltr'>ad</span> <span class='ocrx_word' id='word_1_407' title='bbox 1376 1505 1561 1551; x_wconf 78' lang='lat' dir='ltr'>presentiam</span> <span class='ocrx_word' id='word_1_408' title='bbox 1589 1506 1714 1548; x_wconf 77' lang='lat' dir='ltr'>Ducis,</span> <span class='ocrx_word' id='word_1_409' title='bbox 1740 1515 1796 1539; x_wconf 79' lang='lat' dir='ltr'>aut</span> <span class='ocrx_word' id='word_1_410' title='bbox 1822 1502 1977 1546; x_wconf 79' lang='lat' dir='ltr'>Comitis,</span> 
     </span>
    </p>

    <p class='ocr_par' dir='ltr' id='par_1_10' title="bbox 1146 1551 1976 1602">
     <span class='ocr_line' id='line_1_77' title="bbox 1146 1551 1976 1602; baseline -0.008 -12"><span class='ocrx_word' id='word_1_411' title='bbox 1146 1565 1175 1598; x_wconf 82' lang='lat' dir='ltr'><strong>D</strong></span> <span class='ocrx_word' id='word_1_412' title='bbox 1218 1556 1272 1602; x_wconf 83' lang='lat' dir='ltr'>qui</span> <span class='ocrx_word' id='word_1_413' title='bbox 1299 1556 1332 1589; x_wconf 83' lang='lat' dir='ltr'>in</span> <span class='ocrx_word' id='word_1_414' title='bbox 1359 1556 1419 1589; x_wconf 81' lang='lat' dir='ltr'>loco</span> <span class='ocrx_word' id='word_1_415' title='bbox 1443 1554 1581 1600; x_wconf 63' lang='lat' dir='ltr'>praeest,</span> <span class='ocrx_word' id='word_1_416' title='bbox 1609 1555 1662 1588; x_wconf 69' lang='lat' dir='ltr'>*cel</span> <span class='ocrx_word' id='word_1_417' title='bbox 1681 1554 1756 1588; x_wconf 83' lang='lat' dir='ltr'>Loci</span> <span class='ocrx_word' id='word_1_418' title='bbox 1775 1551 1976 1595; x_wconf 74' lang='lat' dir='ltr'>servatoris,</span> 
     </span>
    </p>

    <p class='ocr_par' dir='ltr' id='par_1_11' title="bbox 1218 1602 1976 1652">
     <span class='ocr_line' id='line_1_78' title="bbox 1218 1602 1976 1652; baseline -0.005 -13"><span class='ocrx_word' id='word_1_419' title='bbox 1218 1606 1273 1652; x_wconf 74' lang='lat' dir='ltr'>qui</span> <span class='ocrx_word' id='word_1_420' title='bbox 1299 1603 1416 1649; x_wconf 64' lang='lat' dir='ltr'>IVIiffiis</span> <span class='ocrx_word' id='word_1_421' title='bbox 1443 1605 1576 1638; x_wconf 84' lang='lat' dir='ltr'>Comitis</span> <span class='ocrx_word' id='word_1_422' title='bbox 1602 1605 1642 1646; x_wconf 73' lang='lat' dir='ltr'>est</span> <span class='ocrx_word' id='word_1_423' title='bbox 1659 1631 1668 1646; x_wconf 92' lang='lat'>,</span> <span class='ocrx_word' id='word_1_424' title='bbox 1704 1602 1872 1638; x_wconf 80' lang='lat' dir='ltr'>adduxerit</span> <span class='ocrx_word' id='word_1_425' title='bbox 1908 1602 1976 1636; x_wconf 43' lang='grc' dir='ltr'>Εἲς,</span> 
     </span>
    </p>

    <p class='ocr_par' dir='ltr' id='par_1_12' title="bbox 1219 1652 1980 1949">
     <span class='ocr_line' id='line_1_79' title="bbox 1220 1652 1980 1700; baseline -0.009 -11"><span class='ocrx_word' id='word_1_426' title='bbox 1220 1656 1331 1689; x_wconf 79' lang='lat' dir='ltr'>damni</span> <span class='ocrx_word' id='word_1_427' title='bbox 1357 1655 1598 1696; x_wconf 74' lang='lat' dir='ltr'>aestimationem</span> <span class='ocrx_word' id='word_1_428' title='bbox 1621 1666 1789 1700; x_wconf 79' lang='lat' dir='ltr'>componere</span> <span class='ocrx_word' id='word_1_429' title='bbox 1808 1655 1850 1688; x_wconf 84' lang='lat' dir='ltr'>ad</span> <span class='ocrx_word' id='word_1_430' title='bbox 1867 1652 1980 1686; x_wconf 81' lang='lat' dir='ltr'>Publi.</span> 
     </span>
     <span class='ocr_line' id='line_1_80' title="bbox 1219 1701 1976 1751; baseline -0.005 -12"><span class='ocrx_word' id='word_1_431' title='bbox 1219 1719 1284 1739; x_wconf 79' lang='lat' dir='ltr'>cum</span> <span class='ocrx_word' id='word_1_432' title='bbox 1312 1715 1454 1751; x_wconf 45' lang='lat' dir='ltr'>efflatur.</span> <span class='ocrx_word' id='word_1_433' title='bbox 1484 1706 1581 1740; x_wconf 87' lang='lat' dir='ltr'>Haec</span> <span class='ocrx_word' id='word_1_434' title='bbox 1609 1704 1686 1739; x_wconf 84' lang='lat' dir='ltr'>sane</span> <span class='ocrx_word' id='word_1_435' title='bbox 1709 1701 1976 1738; x_wconf 77' lang='lat' dir='ltr'>controversiam</span> 
     </span>
     <span class='ocr_line' id='line_1_81' title="bbox 1221 1751 1978 1799; baseline -0.007 -9"><span class='ocrx_word' id='word_1_436' title='bbox 1221 1768 1363 1790; x_wconf 80' lang='lat' dir='ltr'>omnem</span> <span class='ocrx_word' id='word_1_437' title='bbox 1392 1755 1518 1789; x_wconf 86' lang='lat' dir='ltr'>tollere</span> <span class='ocrx_word' id='word_1_438' title='bbox 1555 1754 1744 1795; x_wconf 84' lang='lat' dir='ltr'>videntur,</span> <span class='ocrx_word' id='word_1_439' title='bbox 1781 1765 1886 1799; x_wconf 89' lang='lat' dir='ltr'>quum</span> <span class='ocrx_word' id='word_1_440' title='bbox 1925 1751 1978 1786; x_wconf 76' lang='lat' dir='ltr'>in-</span> 
     </span>
     <span class='ocr_line' id='line_1_82' title="bbox 1219 1800 1978 1852; baseline -0.005 -12"><span class='ocrx_word' id='word_1_441' title='bbox 1219 1805 1441 1852; x_wconf 83' lang='lat' dir='ltr'>telligamus,</span> <span class='ocrx_word' id='word_1_442' title='bbox 1468 1807 1648 1837; x_wconf 67' lang='lat' dir='ltr'>servatores</span> <span class='ocrx_word' id='word_1_443' title='bbox 1675 1802 1749 1836; x_wconf 77' lang='lat' dir='ltr'>Loci</span> <span class='ocrx_word' id='word_1_444' title='bbox 1769 1802 1858 1837; x_wconf 84' lang='lat' dir='ltr'>nihil</span> <span class='ocrx_word' id='word_1_445' title='bbox 1881 1800 1978 1836; x_wconf 84' lang='lat' dir='ltr'>aliud</span> 
     </span>
     <span class='ocr_line' id='line_1_83' title="bbox 1219 1852 1978 1900; baseline -0.005 -10"><span class='ocrx_word' id='word_1_446' title='bbox 1219 1855 1317 1890; x_wconf 79' lang='lat' dir='ltr'>fuiffe</span> <span class='ocrx_word' id='word_1_447' title='bbox 1344 1853 1406 1888; x_wconf 83' lang='lat' dir='ltr'>nifi</span> <span class='ocrx_word' id='word_1_448' title='bbox 1435 1852 1546 1897; x_wconf 73' lang='lat' dir='ltr'>Missos</span> <span class='ocrx_word' id='word_1_449' title='bbox 1573 1853 1726 1896; x_wconf 72' lang='lat' dir='ltr'>Comitis,</span> <span class='ocrx_word' id='word_1_450' title='bbox 1763 1865 1801 1887; x_wconf 89' lang='lat' dir='ltr'>ac</span> <span class='ocrx_word' id='word_1_451' title='bbox 1839 1861 1978 1900; x_wconf 84' lang='lat' dir='ltr'>propte-</span> 
     </span>
     <span class='ocr_line' id='line_1_84' title="bbox 1219 1901 1976 1949; baseline -0.005 -9"><span class='ocrx_word' id='word_1_452' title='bbox 1219 1919 1275 1941; x_wconf 80' lang='lat' dir='ltr'>rea</span> <span class='ocrx_word' id='word_1_453' title='bbox 1302 1904 1445 1939; x_wconf 88' lang='lat' dir='ltr'>nornine</span> <span class='ocrx_word' id='word_1_454' title='bbox 1473 1903 1537 1939; x_wconf 86' lang='lat' dir='ltr'>illo</span> <span class='ocrx_word' id='word_1_455' title='bbox 1564 1903 1709 1937; x_wconf 84' lang='lat' dir='ltr'>donatos</span> <span class='ocrx_word' id='word_1_456' title='bbox 1727 1929 1736 1944; x_wconf 89' lang='lat'>,</span> <span class='ocrx_word' id='word_1_457' title='bbox 1775 1915 1843 1936; x_wconf 86' lang='lat' dir='ltr'>non</span> <span class='ocrx_word' id='word_1_458' title='bbox 1882 1901 1976 1949; x_wconf 73' lang='lat' dir='ltr'>quod</span> 
     </span>
    </p>

    <p class='ocr_par' dir='ltr' id='par_1_13' title="bbox 1223 1952 1977 2000">
     <span class='ocr_line' id='line_1_85' title="bbox 1223 1952 1977 2000; baseline -0.004 -10"><span class='ocrx_word' id='word_1_459' title='bbox 1223 1955 1304 2000; x_wconf 76' lang='lat' dir='ltr'>(uti</span> <span class='ocrx_word' id='word_1_460' title='bbox 1334 1967 1424 1990; x_wconf 89' lang='lat' dir='ltr'>nune</span> <span class='ocrx_word' id='word_1_461' title='bbox 1452 1953 1493 1989; x_wconf 87' lang='lat' dir='ltr'>fit</span> <span class='ocrx_word' id='word_1_462' title='bbox 1520 1953 1648 1988; x_wconf 77' lang='lat' dir='ltr'>alicubi</span> <span class='ocrx_word' id='word_1_463' title='bbox 1668 1980 1677 1996; x_wconf 90' lang='lat'>,</span> <span class='ocrx_word' id='word_1_464' title='bbox 1713 1953 1747 1987; x_wconf 88' lang='lat'>&amp;</span> <span class='ocrx_word' id='word_1_465' title='bbox 1776 1952 1977 2000; x_wconf 82' lang='lat' dir='ltr'>praesertim</span> 
     </span>
    </p>

    <p class='ocr_par' dir='ltr' id='par_1_14' title="bbox 1150 2001 1978 2052">
     <span class='ocr_line' id='line_1_86' title="bbox 1150 2001 1978 2052; baseline -0.004 -12"><span class='ocrx_word' id='word_1_466' title='bbox 1150 2008 1177 2040; x_wconf 81' lang='lat' dir='ltr'>E</span> <span class='ocrx_word' id='word_1_467' title='bbox 1221 2005 1414 2052; x_wconf 84' lang='lat' dir='ltr'>Mutinae)</span> <span class='ocrx_word' id='word_1_468' title='bbox 1455 2004 1483 2039; x_wconf 89' lang='lat' dir='ltr'>ii</span> <span class='ocrx_word' id='word_1_469' title='bbox 1524 2003 1761 2047; x_wconf 66' lang='lat' dir='ltr'>Conservatores</span> <span class='ocrx_word' id='word_1_470' title='bbox 1798 2003 1889 2038; x_wconf 85' lang='lat' dir='ltr'>Urbis</span> <span class='ocrx_word' id='word_1_471' title='bbox 1928 2001 1978 2037; x_wconf 78' lang='lat' dir='ltr'>es—</span> 
     </span>
    </p>

    <p class='ocr_par' dir='ltr' id='par_1_15' title="bbox 1221 2053 1978 2100">
     <span class='ocr_line' id='line_1_87' title="bbox 1221 2053 1978 2100; baseline -0.008 -8"><span class='ocrx_word' id='word_1_472' title='bbox 1221 2056 1315 2092; x_wconf 84' lang='lat' dir='ltr'>sent:</span> <span class='ocrx_word' id='word_1_473' title='bbox 1354 2055 1409 2090; x_wconf 89' lang='lat' dir='ltr'>sed</span> <span class='ocrx_word' id='word_1_474' title='bbox 1445 2053 1536 2100; x_wconf 69' lang='lat' dir='ltr'>quod</span> <span class='ocrx_word' id='word_1_475' title='bbox 1566 2062 1724 2088; x_wconf 85' lang='lat' dir='ltr'>tenerent</span> <span class='ocrx_word' id='word_1_476' title='bbox 1753 2053 1978 2099; x_wconf 75' lang='lat' dir='ltr'>servarentque</span> 
     </span>
    </p>

    <p class='ocr_par' dir='ltr' id='par_1_16' title="bbox 1221 2102 1980 2152">
     <span class='ocr_line' id='line_1_88' title="bbox 1221 2102 1980 2152; baseline -0.004 -12"><span class='ocrx_word' id='word_1_477' title='bbox 1221 2108 1319 2141; x_wconf 75' lang='lat' dir='ltr'>locum</span> <span class='ocrx_word' id='word_1_478' title='bbox 1362 2103 1527 2140; x_wconf 84' lang='lat' dir='ltr'>Praefidis</span> <span class='ocrx_word' id='word_1_479' title='bbox 1571 2103 1679 2138; x_wconf 87' lang='lat' dir='ltr'>Urbis</span> <span class='ocrx_word' id='word_1_480' title='bbox 1724 2102 1763 2137; x_wconf 87' lang='lat' dir='ltr'>in</span> <span class='ocrx_word' id='word_1_481' title='bbox 1806 2103 1980 2152; x_wconf 82' lang='lat' dir='ltr'>regimine</span> 
     </span>
    </p>

    <p class='ocr_par' dir='ltr' id='par_1_17' title="bbox 1226 2153 1981 2203">
     <span class='ocr_line' id='line_1_89' title="bbox 1226 2153 1981 2203; baseline -0.005 -11"><span class='ocrx_word' id='word_1_482' title='bbox 1226 2155 1379 2203; x_wconf 69' lang='lat' dir='ltr'>Populi3</span> <span class='ocrx_word' id='word_1_483' title='bbox 1405 2154 1456 2189; x_wconf 87' lang='lat' dir='ltr'>ita</span> <span class='ocrx_word' id='word_1_484' title='bbox 1484 2163 1521 2189; x_wconf 90' lang='lat' dir='ltr'>ut</span> <span class='ocrx_word' id='word_1_485' title='bbox 1550 2153 1617 2189; x_wconf 83' lang='lat' dir='ltr'>five</span> <span class='ocrx_word' id='word_1_486' title='bbox 1645 2155 1795 2196; x_wconf 89' lang='lat' dir='ltr'>Comes,</span> <span class='ocrx_word' id='word_1_487' title='bbox 1816 2162 1875 2189; x_wconf 85' lang='lat' dir='ltr'>aut</span> <span class='ocrx_word' id='word_1_488' title='bbox 1897 2155 1981 2188; x_wconf 87' lang='lat' dir='ltr'>Dux</span> 
     </span>
    </p>

    <p class='ocr_par' dir='ltr' id='par_1_18' title="bbox 1224 2202 1981 2248">
     <span class='ocr_line' id='line_1_90' title="bbox 1224 2202 1981 2248; baseline -0.007 -5"><span class='ocrx_word' id='word_1_489' title='bbox 1224 2206 1369 2247; x_wconf 77' lang='lat' dir='ltr'>abesset,</span> <span class='ocrx_word' id='word_1_490' title='bbox 1396 2204 1464 2239; x_wconf 86' lang='lat' dir='ltr'>five</span> <span class='ocrx_word' id='word_1_491' title='bbox 1492 2203 1626 2239; x_wconf 82' lang='lat' dir='ltr'>adversa</span> <span class='ocrx_word' id='word_1_492' title='bbox 1651 2203 1873 2248; x_wconf 82' lang='lat' dir='ltr'>valetudine,</span> <span class='ocrx_word' id='word_1_493' title='bbox 1900 2202 1981 2239; x_wconf 83' lang='lat' dir='ltr'>alii-</span> 
     </span>
    </p>

    <p class='ocr_par' dir='ltr' id='par_1_19' title="bbox 1223 2253 1981 2303">
     <span class='ocr_line' id='line_1_91' title="bbox 1223 2253 1981 2303; baseline -0.004 -11"><span class='ocrx_word' id='word_1_494' title='bbox 1223 2258 1279 2293; x_wconf 85' lang='lat' dir='ltr'>sve</span> <span class='ocrx_word' id='word_1_495' title='bbox 1315 2255 1452 2303; x_wconf 79' lang='lat' dir='ltr'>negotis</span> <span class='ocrx_word' id='word_1_496' title='bbox 1488 2254 1676 2303; x_wconf 83' lang='lat' dir='ltr'>impeditus</span> <span class='ocrx_word' id='word_1_497' title='bbox 1713 2253 1879 2302; x_wconf 86' lang='lat' dir='ltr'>justitiam</span> <span class='ocrx_word' id='word_1_498' title='bbox 1913 2255 1981 2289; x_wconf 78' lang='lat' dir='ltr'>Po-</span> 
     </span>
    </p>

    <p class='ocr_par' dir='ltr' id='par_1_20' title="bbox 1224 2305 1981 2352">
     <span class='ocr_line' id='line_1_92' title="bbox 1224 2305 1981 2352; baseline -0.004 -10"><span class='ocrx_word' id='word_1_499' title='bbox 1224 2308 1307 2351; x_wconf 80' lang='lat' dir='ltr'>pulo</span> <span class='ocrx_word' id='word_1_500' title='bbox 1336 2305 1528 2341; x_wconf 79' lang='lat' dir='ltr'>ministrare</span> <span class='ocrx_word' id='word_1_501' title='bbox 1556 2318 1625 2340; x_wconf 88' lang='lat' dir='ltr'>non</span> <span class='ocrx_word' id='word_1_502' title='bbox 1663 2305 1800 2352; x_wconf 80' lang='lat' dir='ltr'>poffet,</span> <span class='ocrx_word' id='word_1_503' title='bbox 1833 2314 1917 2340; x_wconf 88' lang='lat' dir='ltr'>tunc</span> <span class='ocrx_word' id='word_1_504' title='bbox 1944 2316 1981 2339; x_wconf 82' lang='lat' dir='ltr'>e-</span> 
     </span>
    </p>

    <p class='ocr_par' dir='ltr' id='par_1_21' title="bbox 1223 2352 1979 2406">
     <span class='ocr_line' id='line_1_93' title="bbox 1223 2352 1979 2406; baseline -0.005 -14"><span class='ocrx_word' id='word_1_505' title='bbox 1223 2358 1275 2406; x_wconf 76' lang='lat' dir='ltr'>jus</span> <span class='ocrx_word' id='word_1_506' title='bbox 1303 2355 1399 2391; x_wconf 84' lang='lat' dir='ltr'>vices</span> <span class='ocrx_word' id='word_1_507' title='bbox 1419 2365 1559 2404; x_wconf 82' lang='lat' dir='ltr'>agerent</span> <span class='ocrx_word' id='word_1_508' title='bbox 1586 2355 1661 2390; x_wconf 76' lang='lat' dir='ltr'>Loci</span> <span class='ocrx_word' id='word_1_509' title='bbox 1686 2359 1886 2390; x_wconf 78' lang='lat' dir='ltr'>servatores.</span> <span class='ocrx_word' id='word_1_510' title='bbox 1913 2352 1979 2389; x_wconf 85' lang='lat' dir='ltr'>Sed</span> 
     </span>
    </p>

    <p class='ocr_par' dir='ltr' id='par_1_22' title="bbox 1223 2404 1981 2541">
     <span class='ocr_line' id='line_1_94' title="bbox 1223 2404 1980 2454; baseline -0.004 -13"><span class='ocrx_word' id='word_1_511' title='bbox 1223 2406 1307 2454; x_wconf 86' lang='lat' dir='ltr'>quid</span> <span class='ocrx_word' id='word_1_512' title='bbox 1325 2435 1334 2451; x_wconf 90' lang='lat'>,</span> <span class='ocrx_word' id='word_1_513' title='bbox 1363 2406 1522 2454; x_wconf 88' lang='lat' dir='ltr'>inquies,</span> <span class='ocrx_word' id='word_1_514' title='bbox 1559 2406 1600 2441; x_wconf 88' lang='lat' dir='ltr'>ab</span> <span class='ocrx_word' id='word_1_515' title='bbox 1628 2404 1721 2440; x_wconf 78' lang='lat' dir='ltr'>hisce</span> <span class='ocrx_word' id='word_1_516' title='bbox 1758 2405 1980 2440; x_wconf 73' lang='lat' dir='ltr'>servatoribus</span> 
     </span>
     <span class='ocr_line' id='line_1_95' title="bbox 1223 2454 1981 2501; baseline -0.008 -8"><span class='ocrx_word' id='word_1_517' title='bbox 1223 2456 1427 2493; x_wconf 81' lang='lat' dir='ltr'>differebant</span> <span class='ocrx_word' id='word_1_518' title='bbox 1458 2456 1577 2493; x_wconf 71' lang='lat' dir='ltr'>Vicam&#39;i</span> <span class='ocrx_word' id='word_1_519' title='bbox 1603 2455 1642 2493; x_wconf 87' lang='lat' dir='ltr'>in</span> <span class='ocrx_word' id='word_1_520' title='bbox 1669 2455 1791 2492; x_wconf 84' lang='lat' dir='ltr'>multis</span> <span class='ocrx_word' id='word_1_521' title='bbox 1822 2454 1981 2501; x_wconf 82' lang='lat' dir='ltr'>Legibus</span> 
     </span>
     <span class='ocr_line' id='line_1_96' title="bbox 1794 2517 1928 2541; baseline -0.022 0"><span class='ocrx_word' id='word_1_522' title='bbox 1794 2517 1928 2541; x_wconf 84' lang='lat' dir='ltr'>memo-</span> 
     </span>
    </p>
   </div>
   <div class='ocr_carea' id='block_1_7' title="bbox 1193 2384 1199 2485">
    <p class='ocr_par' dir='ltr' id='par_1_23' title="bbox 1193 2384 1199 2485">
     <span class='ocr_line' id='line_1_97' title="bbox 1193 2384 1199 2485; baseline 0 542"><span class='ocrx_word' id='word_1_523' title='bbox 1193 2384 1199 2485; x_wconf 95' lang='lat' dir='ltr'> </span> 
     </span>
    </p>
   </div>
  </div>
 </body>
</html>
