2185 3027
358 234 417 276 93

658 191 1067 278 AiiTJQJJJT.
1118 219 1272 262 MED
1292 220 1354 263 [1
1403 214 1585 264 ΛΕΜ

1819 228 1880 278 96

302 279 370 315 hoc
399 278 443 315 est
469 280 578 314 Anno
606 280 807 315 DCCCIII.
836 282 912 315 Hae
940 292 1060 314 omnes
1085 279 1146 324 A,
1175 280 1263 313 binos
1289 280 1425 316 Placito
1451 281 1587 316 cuidam
1613 280 1780 316 affuturos
1809 282 1936 318 consti.

302 343 530 379 pergamenae
553 340 733 373 exaratae,
755 330 932 378 postquam
953 332 1060 365 Caro-

302 382 357 416 lus
373 382 524 429 Magnus
545 381 586 415 ad
608 381 828 429 Imperialem
851 380 1058 428 dignitatem

303 431 416 466 fuerat
440 431 599 466 evefitus.
628 431 743 466 Redeo
768 444 859 466 nunc
884 430 926 465 ad
952 430 1059 465 Char-

302 490 377 517 tam
413 483 522 517 Anno
564 483 763 517 DCCCVI.
805 479 1060 528 conscriptam.

303 532 615 577 CompleEtebatur
641 531 704 566 illa
733 531 950 566 contraffium
980 543 1060 564 ven-

303 582 475 627 ditionis,
503 583 560 618 cui
597 581 759 617 interfuit
796 585 879 628 Lopo
904 580 1063 615 „scavinus

303 634 464 668 Civitatis
491 633 684 668 Brixianae.
710 634 763 666 En
792 642 829 667 ut
857 631 964 666 etiam
993 629 1060 678 pri-

303 693 468 719 vatorum
503 683 636 719 aclibus
674 682 813 718 scabini
850 682 1062 717 intererant.

304 735 530 770 Fortuito—ne
557 734 592 769 id
630 733 759 768 facium
790 732 917 776 fuerit,
946 744 987 766 an
1019 744 1060 766 ex
1098 730 1126 764 E

303 784 455 829 imperio
475 783 582 832 Legis
603 784 749 830 alicujus
763 810 772 824 ,
792 783 972 818 decernere
993 794 1062 816 non
1083 776 1087 793 ⁴

305 835 430 871 ausim.
465 837 571 883 Supra
599 834 722 876 innui,
750 833 914 868 statutum
942 831 1062 876 fuiffe,
1086 815 1090 871 ¹,

305 895 344 922 ut
372 885 513 933 lingulis
543 883 686 919 Placitis
709 883 824 930 septem
851 883 980 918 Scabim'
1009 882 1059 918 in-

304 936 483 971 tereffent.
522 936 635 968 Immo
664 933 868 969 Ludovicus
905 935 986 968 Pius
1024 932 1061 967 in

304 999 374 1023 uno
394 988 412 1020 ὁ
433 984 500 1020 suis
520 983 785 1033 Capitularibus
809 984 968 1019 duodecim
986 987 1058 1017 Sca·

1174 328 1267 373 tuit,
1289 330 1370 366 dum
1392 340 1446 367 tot
1471 333 1599 367 Comes
1626 332 1661 366 in
1681 331 1844 367 Civitate
1871 346 1934 368 nu-

1175 390 1345 430 meraret3
1375 381 1510 429 alioqui
1539 394 1720 417 numerum
1747 381 1838 416 hunc
1866 382 1934 417 im.

1177 429 1339 474 plendum
1366 433 1441 468 vult
1465 434 1483 466 ὲ
1510 432 1714 467 melioribus
1739 431 1837 467 illius
1862 433 1934 468 Co-

1142 492 1147 516 n
1175 479 1340 516 miratus.
1369 484 1499 517 Verum
1529 482 1596 518 five
1623 484 1735 530 Leges
1767 481 1848 517 istae
1875 495 1934 530 pa-

1174 543 1250 564 rurn
1287 531 1408 567 exat‘Jte
1446 532 1730 576 observarentur,
1759 531 1827 567 five
1855 535 1934 568 Sca-

1175 580 1275 616 binos
1295 581 1488 617 identidem
1511 584 1639 619 caussae
1659 584 1848 618 nonnullae
1866 583 1934 618 im-

1175 630 1353 678 pedirent:
1393 636 1469 668 raro
1496 637 1619 680 Septem
1652 647 1694 669 ex
1732 633 1776 668 iis
1805 633 1933 669 intere-

1143 685 1146 748 ¹
1173 690 1272 725 rant,
1298 684 1333 717 8<
1363 684 1479 718 nullus
1508 684 1682 719 interdum
1708 683 1850 719 adfuisse
1878 684 1933 719 in·

1173 731 1336 767 venitur.
1358 734 1468 780 Cujus
1490 734 1562 776 rei,
1584 743 1663 768 utut
1687 735 1796 768 multa
1816 747 1934 769 exem-

1175 782 1231 829 pla
1254 781 1362 829 sparsa
1383 783 1448 816 hoc
1469 784 1566 829 Opus
1586 782 1772 826 exhibeat,
1793 782 1862 818 duo
1882 793 1934 819 ta-

1175 845 1253 866 men
1281 832 1318 867 in
1354 831 1544 880 praesentia
1581 846 1718 868 exerere
1747 834 1886 881 placet,
1914 836 1931 869 ὲ

1175 881 1273 929 supra
1309 882 1442 918 laudati
1471 883 1624 918 Archivi
1662 882 1826 918 Lucenfis
1862 886 1935 919 Ta-

1176 932 1312 969 bulario
1348 933 1550 982 depromta,
1579 933 1638 969 ubi
1673 947 1711 969 ea
1747 932 1933 983 archetypa.

1175 982 1251 1018 vidi
1266 1010 1276 1018 .

361 1100 586 1156 judicatum
619 1100 794 1156 Rodingi
827 1100 1004 1158 Episcopi
1038 1101 1215 1144 Lucenfis
1247 1102 1284 1142 &
1318 1099 1495 1142 Maurini
1525 1099 1697 1143 Comitis
1728 1101 1872 1144 Palatii

590 1159 797 1201 Mifforum
831 1160 1098 1216 Imperialium
1132 1161 1328 1201 occasione
1361 1159 1656 1216 permutationis

877 1233 1059 1273 agrorum
1078 1251 1091 1274 ,
1124 1223 1245 1260 Anno
1277 1222 1373 1273 840.

408 1340 465 1371 Um
493 1334 525 1369 in
553 1335 616 1370 Dei
652 1335 794 1378 nomine,
822 1335 968 1371 civitate
998 1339 1062 1370 Lu·
1101 1338 1131 1371 C
1168 1362 1192 1379 „
1219 1334 1268 1370 &i
1296 1332 1442 1382 Jagobi,
1470 1333 1539 1369 fuit
1566 1347 1642 1369 area
1668 1334 1702 1368 ἃ
1730 1341 1847 1370 ortum
1877 1334 1931 1383 ip-

429 1400 465 1421 ca
491 1386 523 1420 in
551 1389 667 1427 Curre,
695 1399 752 1432 qne
778 1386 895 1420 dicitur
919 1387 1086 1433 Regi7ze,‚

304 1439 338 1470 in
361 1437 483 1482 judicio
510 1436 708 1480 resederimus
733 1449 789 1470 nos
814 1436 993 1484 Rodingus
1020 1438 1063 1471 E·

304 1487 486 1535 1³iscnpus,
516 1487 558 1520 Θ
584 1486 770 1521 Maurinus
797 1488 927 1522 Comes
966 1488 1062 1522 Pala-

302 1537 370 1580 tii,
398 1536 497 1572 Miffi
537 1536 668 1572 Domni
704 1536 888 1572 Hlotharii
922 1537 1064 1584 perpetui

302 1587 473 1636 Augusti,
493 1601 559 1622 cum
583 1589 711 1635 Agano
737 1589 904 1631 Comite,
930 1588 1062 1628 residen-

302 1638 387 1672 tibus
423 1639 574 1681 nobiscum
611 1639 737 1681 Paulo,
769 1638 930 1673 Martino
966 1638 1062 1681 judi-

303 1688 424 1730 cibus,
451 1689 494 1721 (9⁵
519 1689 668 1731 Pramio,
693 1688 886 1772 Guniqgrto,
913 1689 1062 1735 ⁸Affpran-

301 1740 361 1782 do,
390 1740 432 1772 (9⁰
459 1742 624 1785 Teutperto
649 1737 759 1773 Vaffis
824 1738 922 1773 omni
949 1740 1061 1783 Impe-

301 1839 396 1874 vinis
433 1839 586 1873 Widoald
621 1839 799 1880 Presbioer,
836 1840 1062 1872 ¹Aua'eramnus

299 1889 576 1932 Archediaconus,
604 1891 759 1934 Gazatpert
788 1888 962 1931 Notarius,
991 1888 1059 1922 Wi.

300 1940 452 1983 chelmus‚
480 1939 675 1986 Ildepertus‚
704 1939 747 1972 (9⁶
783 1938 897 1984 reliqui
928 1939 1060 1985 plures.

301 1993 457 2024 Venerunt
485 1990 530 2023 ibi
565 1990 598 2022 in
626 1988 736 2030 nostris
768 1988 934 2034 prefi’ntiis
959 1988 1059 2032 GtJel-

300 2041 418 2075 marius
455 2038 563 2084 Vafftts
598 2038 716 2072 Domni
752 2040 976 2083 Imperatoris,
1005 2038 1060 2084 qui
1084 2042 1088 2083 Ι

301 1788 449 1831 nitoris,
477 1789 671 1831 Johannes,
699 1790 742 1821 &⁴
768 1788 946 1823 Adelbero
982 1790 1058 1822 Sca·
1098 1785 1130 1818 D

300 2090 432 2131 Eccleste
458 2088 570 2124 sanai
592 2087 740 2129 Sil-uestri
760 2088 840 2131 foris
863 2091 960 2122 Porta
985 2088 1059 2131 ujus

299 2140 478 2183 Civitatis,
499 2152 555 2185 que
573 2138 690 2172 dicitur
707 2137 821 2172 Sanffl
839 2138 948 2181 Petri,
965 2149 1055 2184 prae-

299 2188 354 2235 effe
373 2190 564 2233 videbatur,
585 2202 650 2223 una
673 2202 739 2223 cum
761 2188 957 2223 Frat'manno
980 2190 1055 2223 ,Ad-

1168 1412 1192 1429 „
1220 1384 1293 1420 sum
1315 1383 1465 1419 Ecclefie
1488 1383 1597 1419 nostre
1615 1384 1731 1420 331ιέἲὶ
1752 1384 1905 1421 Silvestri
1919 1412 1929 1430 ,

1142 1433 1143 1484 ]
1169 1462 1193 1480 „
1221 1435 1311 1470 unde
1328 1434 1528 1483 jamdudum
1548 1435 1734 1471 contencio
1751 1434 1840 1471 faeta
1857 1437 1930 1471 fue-

1170 1512 1194 1530 „
1221 1494 1275 1521 rat
1301 1486 1340 1520 ad
1364 1485 1432 1533 jam
1459 1484 1643 1520 nominato
1667 1486 1821 1534 Jagobo‚
1846 1485 1930 1521 dum

1170 1563 1194 1580 „
1221 1536 1302 1571 effet
1328 1536 1365 1571 di
1369 1562 1501 1570 .......
1531 1537 1588 1570 Set
1619 1537 1778 1571 Domnus
1816 1538 1931 1584 Impe-

1170 1613 1194 1630 „
1222 1596 1317 1621 rator
1339 1585 1624 1629 commendavit,
1650 1594 1689 1620 ut
1713 1585 1785 1634 ipsa
1811 1599 1931 1621 comu-

1170 1663 1194 1681 ‚,
1223 1638 1316 1671 tacio
1352 1646 1593 1683 rumperetur.
1632 1635 1714 1669 Ideo
1751 1635 1930 1682 querimus

1170 1713 1194 1730 ‚,
1223 1686 1387 1721 solarium
1425 1685 1536 1731 ipsum
1567 1686 1600 1719 δε
1629 1695 1744 1720 ortum
1785 1686 1931 1721 recolle-

1141 1609 1146 1779 ¹
1171 1762 1194 1778 „
1222 1749 1300 1783 gere
1328 1735 1370 1769 ad
1399 1744 1493 1782 parte
1522 1734 1639 1770 Sanffi
1669 1735 1848 1775 Silvestri.
1878 1735 1931 1771 su-

1170 1811 1194 1829 „
1223 1799 1282 1833 per
1309 1798 1375 1832 qua
1413 1785 1679 1820 contencionem
1708 1785 1776 1832 jam
1818 1785 1928 1820 tribus

1171 1862 1194 1878 „
1223 1835 1360 1870 vicibus
1385 1834 1483 1882 super
1506 1833 1724 1869 arceffimus.
1748 1836 1930 1881 Responde-

1170 1888 1224 1920 bat
1252 1885 1314 1932 ipse
1341 1886 1516 1919 Andreas:
1543 1911 1566 1927 ,,
1595 1886 1700 1919 Certe
1739 1884 1779 1919 de
1811 1898 1930 1921 connu-

1171 1963 1195 1980 „
1223 1937 1384 1975 racione,
1411 1947 1514 1982 quam
1540 1934 1648 1977 dicis,
1676 1936 1834 1970 Domnus
1862 1937 1932 1970 Im.

1171 2013 1194 2030 „
1224 1996 1360 2033 perator
1380 1984 1534 2033 frangere
1557 1985 1769 2020 comendaffe
1792 1985 1927 2022 nescio.

1170 2064 1195 2080 ‚,
1224 2039 1281 2072 Set
1308 2036 1408 2078 dico,
1437 2034 1528 2081 quod
1556 2048 1676 2069 verum
1706 2035 1771 2079 est,
1798 2049 1859 2070 vos
1886 2036 1928 2071 ad

1171 2114 1195 2130 ‚,
1224 2096 1356 2134 partem
1394 2084 1509 2120 Sanffi
1544 2085 1695 2120 SMvestri
1733 2086 1860 2121 teneris
1892 2100 1930 2121 u-

1171 2164 1196 2181 „
1224 2147 1385 2184 trurnque
1422 2134 1526 2178 illut,
1564 2135 1656 2182 quod
1694 2137 1840 2178 Jacobus
1876 2135 1928 2172 ibi

1140 2178 1143 2237 ll
1171 2214 1194 2230 r»
1221 2187 1338 2229 dedit,
1355 2187 1388 2220 8<
1411 2198 1569 2232 campum
1593 2187 1696 2229 illut,
1716 2186 1827 2233 quise
1847 2199 1928 2222 cum

298 2250 406 2275 vocato
433 2240 528 2286 ipsius
554 2239 709 2282 Ecclesie,
737 2253 789 2273 nec
824 2251 883 2272 non
911 2239 955 2273 (9⁴
980 2242 1054 2274 An·
1094 2244 1142 2277 E'
1170 2264 1194 2282 ,‚
1222 2237 1296 2285 ipso
1325 2236 1451 2271 solario
1479 2245 1594 2271 tenere
1632 2236 1794 2280 videtur,
1822 2250 1928 2283 quam

298 2294 389 2326 areas
413 2292 604 2326 Advocatus
637 2289 826 2332 Ilfonasterii
860 2289 974 2324 SanHi
990 2292 1055 2334 sa-

297 2341 384 2385 cohi,
408 2355 429 2376 a
452 2342 606 2388 quondam
630 2340 762 2388 Jagobo
787 2339 961 2388 Episcopo
979 2340 1055 2383 fun·

298 2391 391 2433 dati,
410 2391 647 2438 altergationem
663 2392 827 2425 habentes.
843 2391 978 2425 Dicebat
995 2390 1058 2436 ipse

298 2441 537 2476 Fraimannus:
570 2468 594 2485 ‚,
625 2440 797 2476 Solarium
835 2441 938 2477 illum
976 2452 1054 2474 cum

298 2518 322 2535 „
350 2504 448 2535 area,
476 2491 513 2526 in
550 2504 617 2538 qua
651 2499 749 2527 extat
785 2500 888 2533 orto,
916 2489 1055 2525 infimul
1078 2507 1082 2532 1

297 2567 320 2586 ,‚
347 2541 380 2578 se
407 2550 503 2578 tenet
531 2541 584 2577 ibi
612 2540 653 2576 ad
689 2541 941 2578 Monasterium
974 2538 1080 2576 San-1

1139 2301 1141 2308 ’
1169 2315 1192 2332 ,,
1220 2287 1388 2334 reciperat
1425 2285 1466 2320 ad
1495 2286 1631 2330 vicem,
1664 2287 1756 2334 quod
1793 2287 1927 2322 reglum

1137 2310 1142 2372 ¹
1171 2365 1194 2382 „
1222 2338 1286 2373 effe
1314 2349 1382 2371 non
1422 2335 1583 2385 videtui-3
1613 2337 1662 2373 set
1699 2337 1861 2373 solarium
1891 2337 1926 2371 8(

1169 2415 1192 2432 ,,
1220 2396 1334 2423 ortum
1371 2385 1509 2422 infimul
1552 2386 1584 2422 se
1629 2397 1795 2432 tenente,
1833 2386 1927 2435 quod

1167 2465 1190 2482 „
1218 2437 1387 2484 queritis,
1414 2450 1482 2472 non
1507 2437 1575 2473 fuit
1602 2438 1643 2473 de
1664 2439 1781 2474 eadem
1809 2451 1929 2474 comu-

1165 2515 1189 2532 „
1218 2487 1378 2531 racione,
1407 2486 1457 2522 set
1480 2488 1613 2534 semper
1640 2489 1830 2536 probrietas
1857 2487 1928 2523 fuit

1162 2539 1286 2587 „jam
1313 2537 1496 2575 nominati
1532 2539 1678 2585 Jacobi,
1714 2538 1776 2588 qui
1812 2536 1927 2586 ipsum

1735 2616 1763 2635 0,
1792 2601 1875 2630 con·v
