2185 3027
310 228 315 232 ⁴
359 251 434 289 191

668 234 1052 301 ANTIQUJT.
1107 236 1327 280 MEDII
1378 238 1555 282 AEVI

1779 257 1858 296 192

298 293 333 327 in
361 294 521 328 Comitatu
547 294 747 339 juliacensi,
782 297 947 342 Capellam
970 309 1053 340 sums
1075 299 1136 332 A
1156 297 1346 333 vertenda:
1386 299 1494 341 Postea
1535 299 1580 334 ad
1610 297 1792 345 petitionem
1827 313 1915 336 tuam

296 344 394 386 nostri
423 345 490 380 &a
525 356 676 392 quatenus
711 359 777 380 eam
811 359 878 379 cum
913 346 1054 380 omnibus

297 397 342 429 ad
367 408 436 430 eam
457 395 707 444 pertinentibus,
734 396 843 430 diebus
871 396 962 430 Vitae
975 396 1052 440 suae

293 454 423 483 teneat.
459 444 573 482 Addit
609 446 737 482 etiam:
776 447 966 479 concedentes
993 446 1045 479 tri·

285 497 438 540 finimus,
475 497 519 530 (9¹
552 497 591 531 de
621 496 694 541 jure
730 495 826 537 nostro
861 496 894 528 in
926 495 983 540 jus
1009 496 1052 529 &⁹

288 547 536 582 dominationem
570 547 664 593 ipsius
700 546 818 580 cunHis
854 546 945 580 Vitae
974 545 1052 589 suae

289 594 401 632 diebus
427 598 539 644 absque
558 597 694 643 alicujus
721 596 936 643 inquietudine
963 607 1046 630 tran·

287 647 492 692 sfundimus.
534 650 588 683 En
625 657 664 683 ut
704 645 874 682 conceffio
915 645 1069 685 tamdiu,

288 699 454 735 duratura
482 698 571 742 fuit,
608 697 773 745 quamdiu
803 696 839 732 in
867 696 961 732 vivis
995 696 1043 732 fu-

291 758 396 785 turus>
417 757 491 784 erat
520 749 726 796 Rotgarius.
756 746 970 783 Beneficium
997 747 1046 782 hi.

291 799 346 835 sce
373 799 488 835 verbis
507 798 718 847 defignatum
741 798 807 832 est.
835 799 889 832 Ita
915 797 953 833 in
974 797 1044 846 Spi-

291 849 415 898 cilegii
454 848 665 884 Dacheriani
702 849 821 882 Tomo
850 847 958 883 tertio
987 861 1044 883 no·

291 900 451 936 viffimae
487 898 665 933 Editionis
702 910 778 947 pag
817 908 900 945 390.
937 899 1042 934 Vien-

290 949 410 985 nenses
438 946 608 983 Monachi
637 950 745 983 Anno
773 950 932 984 MXXV.
968 952 1044 984 Wa-

285 1000 364 1046 goni
387 999 430 1032 θ’
455 999 544 1032 uxori
577 998 645 1045 ejus
667 999 802 1033 Eldelae
829 1007 935 1034 terras
963 1013 1043 1047 qua-

289 1049 383 1084 sdam
412 1048 631 1091 concedunt,
668 1050 820 1096 quamdiu
847 1050 967 1084 Eldela
991 1051 1042 1084 vi·

289 1100 370 1133 xerit
386 1107 464 1141 ,ut
490 1099 564 1147 ejus
592 1099 648 1134 vir
674 1101 707 1134 8<
736 1099 808 1147 ipsa
836 1100 956 1134 nomine
983 1104 1042 1135 Be-

285 1148 392 1193 aeficii
413 1148 560 1193 serviant
579 1152 665 1193 Deo,
693 1149 867 1196 Sanffioque
892 1151 1046 1186 Andreae

287 1201 332 1233 (J
349 1199 536 1233 Monachis.
559 1199 692 1234 Ibidem
709 1212 848 1246 quoque
867 1213 942 1247 pag.
961 1201 1043 1248 363.

288 1247 494 1284 Viennenss
530 1248 722 1297 Episcopus
750 1251 857 1284 Anno
896 1252 1041 1286 DCCC·
1063 1265 1068 1300 Ι

285 1300 509 1336 LXXXVII.
542 1299 738 1334 Teutberto
765 1299 905 1335 comiti
941 1301 1039 1335 Man

286 1351 399 1385 tulam
430 1349 565 1384 Villam
588 1349 662 1395 jure
688 1349 895 1393 Beneficiario
922 1363 1040 1386 conce

287 1400 342 1435 dit
358 1427 368 1444 ,
404 1410 439 1434 ut
465 1401 615 1446 quamdiu
644 1400 706 1446 ipse
732 1405 864 1443 Comes,
902 1401 945 1433 Θ·
971 1415 1045 1434 uxor

285 1450 355 1496 ejus
381 1463 470 1484 carne
494 1450 637 1483 vixerint
653 1476 663 1494 ,
690 1453 826 1484 eamdem
855 1450 973 1484 Villam
1000 1452 1040 1484 le·

283 1515 324 1547 ge
336 1499 548 1544 Beneficiaria
560 1527 567 1539 ,
580 1500 695 1546 usuque
709 1500 884 1543 frufluario
899 1510 1025 1534 teneant
1035 1527 1042 1534 .

287 1551 445 1586 Secundo
466 1549 626 1594 Beneficia
647 1551 815 1597 temporis
842 1549 941 1585 illius
964 1563 1042 1585 cum

286 1601 442 1636 Precariis
468 1627 479 1643 ,
520 1600 588 1635 slve
628 1600 816 1643 Praestarit's
855 1599 1042 1635 confunde-

286 1652 439 1695 bantur,
481 1663 523 1686 eo
562 1660 703 1686 tantum
741 1650 850 1685 titulo
886 1652 928 1686 ab
965 1650 1043 1699 ipsls

286 1701 473 1743 distinffla,
517 1701 609 1747 quod
646 1701 870 1748 Emphyteuses
905 1710 966 1736 aut
1002 1701 1042 1736 ad

286 1765 395 1787 annos
425 1753 555 1786 XXIX.
592 1761 652 1786 aut
679 1752 721 1786 ad
759 1751 901 1786 tertiam
939 1751 1043 1798 usque

284 1801 545 1850 generationem
564 1828 574 1845 ‚
602 1810 661 1836 aut
689 1801 729 1836 ad
758 1800 846 1835 alios
875 1801 1043 1849 temporis

285 1852 420 1887 limites
449 1851 766 1899 protendebantur,
794 1850 917 1899 easque
944 1864 1042 1887 reno-

283 1915 368 1937 vare
393 1901 542 1949 quinSm
578 1915 718 1949 quoque
745 1914 863 1946 anno,
900 1911 961 1938 aut
996 1902 1043 1938 se-

279 1952 355 1989 rius
384 1961 456 1988 erat
483 1965 593 2001 opusg
623 1952 784 1997 Beneficia
809 1955 893 1988 verb
921 1953 962 1988 ad
991 1953 1042 1988 vi-

278 2012 357 2039 tam
386 2004 491 2050 usque
519 2003 726 2051 accipientis
755 2002 1043 2047 conferebantur,

278 2067 391 2101 neque
419 2054 618 2088 renovanda
648 2051 821 2087 conceffio
848 2052 937 2088 fuit.
978 2054 1041 2088 Vi.

279 2104 321 2138 de
358 2102 574 2138 Marculfurn
614 2102 696 2138 Lib.
731 2114 764 2137 2.
804 2104 968 2138 Formula
996 2107 1040 2139 V.

276 2154 423 2189 Precaria
458 2154 497 2187 de
535 2153 622 2186 Villa
659 2152 750 2187 fafi’ta
777 2153 856 2188 viro
883 2155 916 2188 8<
956 2167 1038 2190 uxo-

275 2204 326 2239 ri.
359 2204 410 2239 Ibi
431 2203 514 2239 haec
535 2203 635 2251 lego:
669 2206 710 2238 Ut
731 2203 798 2250 ipsa
829 2204 940 2248 Villa,
966 2206 1041 2239 dum

275 2255 484 2297 advivimus,
520 2263 577 2288 aut
614 2254 668 2300 qui
700 2254 776 2300 pari
806 2254 864 2298 suo
891 2268 927 2289 ex
953 2256 1041 2290 nobis

271 2305 441 2352 supprestis
468 2305 480 2351 (
505 2317 566 2352 pro
594 2303 754 2353 superstes
779 2304 792 2352 )
815 2305 936 2348 suerit,
963 2307 1039 2340 dum

275 2356 427 2399 advivit,
464 2356 553 2390 nobis
588 2356 633 2390 ad
670 2358 979 2391 BENEFICIUM
1002 2370 1035 2390 u-

269 2405 481 2449 ]zzfruc‘iuario
508 2405 615 2440 ordine
637 2407 831 2440 excolendum
850 2416 951 2440 tenere
967 2417 1034 2453 per-

273 2455 422 2497 mtstftis.
463 2458 515 2491 Ita
542 2456 580 2491 in
609 2455 816 2503 Appendice
845 2456 1034 2491 Baluziana

273 2506 313 2540 ad
339 2506 498 2541 eumdem
520 2506 735 2541 Marculfum
754 2508 841 2553 Cap.
859 2508 915 2542 28.
936 2509 1032 2540 Prae-

266 2556 371 2596 staria
396 2558 441 2590 ad
476 2556 638 2597 Ecclefia.
674 2556 728 2591 Ibi
765 2555 848 2591 haec
874 2555 1030 2591 animad-

1156 360 1214 381 non
1240 349 1493 395 denegavimus,
1532 349 1593 389 nis
1618 360 1653 382 ut
1690 350 1772 396 ipsas
1800 365 1847 386 res
1872 355 1914 387 ad

1151 398 1333 442 praestitum
1360 402 1668 434 BENEFICIUM
1690 400 1752 434 tibi
1775 403 1914 447 praesta.

1155 459 1185 479 re
1211 449 1400 484 deberemus.
1427 451 1522 496 Quod
1549 451 1595 484 ita
1623 451 1666 483 (9¹
1687 449 1838 495 fecimus,
1867 452 1914 493 fic

1155 497 1288 542 taliter,
1326 510 1362 532 ut
1387 510 1518 545 tempore
1542 501 1632 534 vitae
1658 511 1731 535 tuae
1758 501 1842 548 ipsas
1866 515 1916 536 res

1154 557 1209 592 pro
1237 549 1334 589 nostro
1361 553 1617 585 BENEFICJO
1644 552 1754 585 habere
1781 553 1915 588 debeas.

1158 599 1244 633 Sunt
1271 600 1304 633 &
1333 600 1402 635 alia
1429 601 1599 649 ejusmodi
1626 602 1806 649 exempla.
1828 604 1916 637 Ter-

1113 693 1115 695 ·
1157 648 1210 682 tio
1256 650 1417 694 Beneficia
1457 664 1596 699 quoque
1641 650 1783 686 feminis
1823 653 1912 689 olim

1091 746 1116 779 B

1083 1194 1113 1227 C

1081 1649 1112 1681 D

1124 1426 1128 1490 Ι

1155 699 1461 735 concedebantur.
1505 714 1546 734 ex
1589 714 1660 746 quo
1702 700 1882 748 intelligas
1901 727 1912 745 ‚

1156 760 1225 782 non
1263 749 1383 784 eadem
1422 751 1522 796 plane
1559 748 1688 792 fuisse,
1726 762 1765 784 ac
1801 753 1914 785 feuda

1160 797 1439 845 subsequentium
1478 799 1708 842 Seculorum,
1745 812 1833 847 quae
1860 800 1914 836 vi-

1155 848 1201 883 ris
1229 849 1505 893 tantummodo,
1541 850 1574 884 &
1603 849 1744 896 quidem
1773 860 1914 898 propter

1157 898 1312 935 militare
1340 899 1546 943 servitium,
1574 900 1694 947 largiri
1721 912 1797 935 mos
1824 899 1912 937 fuit

1157 951 1236 984 Duo
1264 952 1424 998 exempla
1452 963 1560 998 nuper
1587 950 1719 985 attuli.
1746 951 1912 986 Tertium

1155 999 1267 1034 addo.
1306 1002 1344 1035 In
1383 1001 1559 1035 For-mulis
1585 1001 1604 1034 ὲ
1632 1000 1913 1049 Lindembrogio

1154 1050 1259 1085 editis
1287 1052 1374 1099 Cap.
1403 1063 1461 1086 22.
1487 1052 1636 1086 Precaria
1660 1053 1703 1086 ad
1728 1051 1828 1096 casam
1851 1053 1912 1086 Dei

1155 1099 1326 1145 habetur,
1354 1100 1392 1136 in
1420 1114 1487 1148 qua
1515 1100 1643 1136 mulier
1669 1101 1739 1135 ait:
1780 1101 1913 1147 Expetii

1153 1152 1175 1183 ἃ
1200 1151 1312 1195 vobis,
1349 1161 1384 1185 ut
1411 1151 1494 1197 ipsas
1529 1163 1600 1192 res,
1638 1150 1789 1195 quamdiu
1814 1151 1912 1185 advi-

1151 1215 1194 1250 υς
1210 1228 1219 1245 ,
1248 1201 1309 1246 sub
1335 1202 1391 1242 usu
1417 1201 1667 1234 BENEFICH
1687 1199 1784 1241 vestri
1809 1210 1911 1234 tenere

1155 1252 1197 1284 (9·
1223 1253 1333 1295 usuare
1367 1251 1494 1284 debeam
1522 1251 1588 1284 &a
1616 1251 1754 1294 Quarto
1782 1250 1911 1295 Benefi-

1153 1301 1226 1343 cia,
1267 1313 1355 1347 quae
1395 1301 1570 1335 Seculares
1606 1299 1676 1334 viri
1718 1299 1759 1335 de
1810 1301 1909 1336 rebus

1153 1349 1383 1385 Ecclefiarum
1412 1349 1733 1397 consequebantur,
1770 1351 1910 1386 censum

1151 1413 1328 1444 annuum,
1349 1409 1409 1435 aut
1431 1400 1593 1436 Decimus
1613 1401 1645 1435 8<
1673 1402 1816 1445 Nonas,
1838 1401 1912 1436 red·

1152 1450 1230 1484 dere
1266 1450 1496 1486 consuerunt·
1535 1450 1628 1498 quod
1666 1452 1684 1485 ὲ
1713 1450 1911 1486 Feudorum

1152 1509 1274 1534 natura
1316 1500 1538 1547 aliquantum
1579 1501 1761 1537 dissentit.
1803 1501 1911 1548 Apud

1152 1549 1337 1584 Baluzium
1381 1552 1489 1585 Tom.
1527 1563 1560 1597 3.
1599 1564 1676 1599 pag.
1719 1552 1799 1595 156.
1836 1553 1911 1586 Mi-

1151 1598 1367 1634 scellaneor-
1412 1600 1581 1648 Diploma
1623 1600 1801 1635 Ludovici
1854 1601 1912 1636 Pii

1151 1649 1303 1697 legitur,
1342 1649 1379 1684 in
1417 1663 1487 1697 quo
1515 1649 1591 1685 ait:
1632 1653 1718 1684 Baro
1755 1649 1912 1696 Vaffallus

1151 1700 1249 1741 noster
1289 1701 1376 1734 nobis
1418 1701 1583 1745 innotuit,
1623 1701 1706 1747 quod
1744 1702 1912 1747 quamdam

1153 1751 1272 1784 Villam
1292 1751 1390 1791 sitam
1418 1751 1450 1785 in
1484 1762 1566 1798 pago
1593 1752 1819 1793 Cenomanico,
1856 1765 1910 1785 no.

1151 1801 1233 1834 mine
1268 1801 1474 1844 Tridentem,
1509 1803 1549 1834 de
1577 1800 1652 1845 jure
1688 1801 1909 1835 Cenomanicae

1150 1850 1261 1885 matris
1287 1850 1442 1890 Ecclesiae
1465 1861 1521 1897 per
1548 1850 1681 1892 nostrum
1707 1853 1909 1885 BENEFI.

1149 1903 1271 1935 CIUM
1301 1901 1484 1947 poffideret,
1523 1901 1562 1934 de
1598 1913 1660 1946 qua
1681 1910 1738 1946 per
1765 1900 1909 1945 singulos

1147 1964 1247 1986 annos
1274 1955 1384 1986 Nonas
1411 1952 1453 1985 Θ·
1480 1950 1646 1991 Decimus,
1684 1951 1726 1983 (9¹
1753 1951 1908 1997 legitimos

1147 2002 1252 2045 census
1291 2001 1453 2048 praefatae
1477 2000 1590 2035 matris
1615 2000 1768 2040 Ecclesiae
1795 2001 1907 2034 Recio.

1148 2053 1234 2086 ribus
1250 2053 1457 2100 persolveret.
1477 2052 1642 2085 Alterum
1664 2049 1812 2099 ejusdem
1832 2053 1909 2086 Au-

1148 2102 1235 2151 gusti
1276 2103 1441 2149 Diploma
1479 2101 1559 2135 vide
1598 2101 1906 2148 pag.104.huic

1148 2153 1288 2188 fimile.
1329 2151 1493 2187 Tertium
1530 2164 1669 2199 quoque
1708 2164 1783 2200 pag.
1826 2163 1906 2198 171.

1149 2204 1202 2238 Ibi
1231 2215 1369 2251 quoque
1397 2214 1476 2249 pag.
1509 2204 1589 2245 158.
1618 2202 1749 2236 Charta
1786 2215 1907 2237 occur-

1147 2254 1221 2297 rit,
1257 2253 1292 2288 in
1322 2265 1389 2298 qua
1416 2261 1539 2286 notum
1569 2251 1635 2293 fit
1675 2252 1790 2286 villas
1823 2265 1906 2299 qua-

1148 2304 1238 2339 sdam
1260 2304 1278 2338 ὲ
1302 2301 1452 2349 Pippino
1482 2305 1692 2337 Francorum
1716 2304 1808 2350 Rege
1830 2305 1906 2336 An-

1147 2368 1192 2390 no
1212 2352 1338 2389 Christi
1359 2354 1541 2388 DCCLH.
1565 2351 1817 2388 Cenomanenfi
1839 2354 1905 2388 Ec-

1145 2403 1264 2439 clefiae
1291 2403 1389 2438 fuiss‘e
1416 2403 1607 2438 restitutas.
1636 2402 1824 2451 Vulfingus
1846 2416 1904 2438 ve-

1146 2457 1183 2490 ι·ὸ
1210 2467 1264 2489 eas
1294 2463 1433 2502 petens,
1471 2453 1613 2500 inquit:
1654 2457 1740 2488 Dum
1767 2466 1820 2499 ego
1845 2454 1905 2488 ad.

1142 2505 1252 2546 vivo,
1294 2515 1350 2551 pro
1389 2505 1488 2546 vestro
1527 2506 1786 2538 BENEFICIO
1825 2502 1905 2537 mihi

1145 2555 1212 2602 ipsa
1242 2556 1308 2590 loca
1334 2555 1424 2590 liceat
1450 2566 1552 2589 tenere
1578 2556 1621 2589 <9¹
1645 2554 1828 2589 dominare.
1855 2555 1903 2587 Et

1759 2602 1852 2650 sP⁰”·.
