2185 3027
251 217 330 259 173

1677 204 1760 263 '174

230 437 1014 522 DISSERTATIO
1058 436 1241 518 UN
1247 437 1729 520 DECIMA
1748 465 1779 521 ζ

208 662 268 684 7
299 680 305 683 >
497 685 502 686 ν
539 658 576 707 ‘5'-
604 675 683 697 rum
722 662 794 709 jure
830 671 949 705 erant,

502 711 523 718 ”
558 693 578 766 ξι
606 712 660 747 uti
684 713 718 747 &
739 725 830 748 nunc
851 712 950 756 sunt,

488 785 491 787 >
606 763 703 798 Bona
724 762 951 811 proprietaria

531 810 558 857 ,al
605 811 673 848 five
717 812 949 850 Patrimonia-

530 851 568 914 ᾖ·
604 862 672 905 lia,
698 876 785 911 quae
805 862 950 911 quisque

502 950 509 959 ζ
545 932 554 939 2
605 913 795 961 possidebat
861 922 948 948 tam-

510 960 520 967 ''
547 973 577 989 ”
604 978 709 1013 quam
746 963 886 1012 propria
916 964 947 998 8<

192 1015 360 1062 acquisita
387 1016 455 1052 five
482 1016 591 1051 titulo
618 1014 845 1057 hereditatis,
883 1012 949 1048 five

187 1065 365 1107 emtione,
393 1065 606 1108 donatione,
635 1065 781 1111 aliisque
802 1063 946 1112 ejusmo-

187 1114 224 1149 di
261 1113 499 1149 contraffibus
523 1141 533 1157 ,
575 1127 661 1160 quos
699 1115 752 1162 jus
789 1113 946 1162 gentium

188 1164 392 1200 invexerat.
410 1165 534 1211 Neque
550 1164 686 1198 tantum
706 1163 853 1210 privatis
875 1177 944 1210 per-

187 1214 280 1250 sonis
308 1213 405 1249 suum
433 1223 506 1250 erat
535 1213 817 1256 Patrimonium,
839 1213 893 1248 sed
913 1215 946 1247 8<

188 1264 265 1313 ipfis
282 1265 576 1313 Imperatoribus,
606 1263 668 1310 qui
689 1265 721 1298 δε
744 1262 882 1310 praedia
913 1264 945 1297 &

188 1316 278 1351 bona
295 1315 432 1364 propria
453 1314 667 1364 poffidebant
680 1342 689 1358 ‚
707 1326 814 1360 eaque
834 1316 945 1347 Procu-

187 1366 341 1401 ratoribus
360 1367 405 1400 rei
424 1366 595 1413 privatae,
616 1364 684 1400 five
700 1363 822 1411 proprii
837 1363 941 1397 Patri·

186 1417 281 1451 monii
301 1416 520 1463 gubernanda
541 1415 743 1451 tradebant.
766 1415 863 1449 Bona
889 1426 942 1448 ve·

184 1470 222 1502 ro
244 1467 406 1511 Fiscalia‚
435 1480 521 1514 quae
549 1468 567 1501 ὲ
595 1465 763 1507 tributis,
791 1463 943 1511 veRiga-

187 1517 301 1559 libus,
339 1525 398 1551 aut
425 1516 532 1551 etiarn
562 1515 677 1550 fundis
715 1513 756 1549 ad
794 1516 945 1560 Rempu-

185 1566 315 1601 blicam
348 1565 582 1612 speRantibus
620 1563 944 1605 constituebantur,

187 1629 247 1664 per
291 1614 379 1650 alios
424 1617 666 1650 Procuratores
715 1612 945 1648 administrari

187 1664 463 1701 consueverunt.
492 1664 713 1700 Excolebant
739 1672 854 1697 autem
878 1665 944 1697 Ro-

186 1715 283 1750 mani
311 1728 430 1762 agrum
459 1713 510 1750 sui
539 1714 623 1762 juris
652 1723 711 1749 aut
739 1726 798 1762 per
822 1715 945 1747 Servos

185 1765 260 1800 suos
274 1792 283 1808 ‚
312 1777 398 1810 quos
427 1773 606 1812 propterea
626 1767 741 1798 servos
756 1763 867 1808 glebae
887 1775 940 1810 ap·

185 1816 334 1864 pellatos
351 1814 536 1857 novimus,
554 1823 613 1848 aut
635 1827 692 1861 per
713 1813 861 1849 Liberos
883 1812 942 1846 ho-

187 1865 318 1904 mines.
341 1863 541 1900 Familiaris
557 1877 695 1912 quoque
716 1863 785 1899 fuit
805 1862 944 1898 vetustis

203 620 567 643 -ffissffl
589 611 731 660 Ntiquo
773 614 950 647 Romano·
986 611 1020 645 A
1056 609 1208 646 Saeculis
1225 609 1427 645 Locau'onum
1447 608 1545 654 usus,
1563 610 1677 659 pretio
1691 624 1815 660 nempe

1057 661 1204 707 statuto,
1243 660 1336 709 quod
1379 662 1568 708 quotannis
1609 662 1816 697 ConduStor

1059 725 1119 759 pro
1147 725 1182 747 re
1212 713 1327 746 locata
1365 711 1406 746 ad
1445 711 1709 759 persolvendum
1748 712 1815 748 sese

1057 761 1262 810 obligabat.
1290 763 1330 796 In
1358 774 1396 796 ea
1424 761 1605 797 sententiat
1623 761 1716 798 fuere
1743 764 1818 798 Sal-

1059 811 1180 846 maslus
1217 812 1257 847 ad
1295 811 1477 856 Solinum,
1514 813 1548 846 δε
1586 813 1817 861 Du-Cangius

1059 862 1095 897 in
1123 861 1298 897 Gloffario
1325 861 1480 906 Latino,
1510 861 1671 899 Italicam
1693 876 1818 899 vocem

1060 912 1171 954 Fine,
1213 912 1293 947 inde
1330 911 1521 947 derivatam
1563 911 1683 957 fuisse,
1720 914 1817 961 quod

1059 961 1277 1011 praediorum
1305 962 1545 998 Condue’cores
1563 989 1572 1006 ,
1610 962 1677 998 five
1705 964 1818 998 Coloni

1057 1012 1196 1048 censum
1225 1022 1357 1048 certum
1387 1011 1528 1060 singulis
1564 1012 1664 1048 annis
1701 1013 1818 1049 domi·

1032 1072 1034 1098 ξ
1056 1076 1102 1098 no
1123 1062 1222 1098 fundi
1250 1063 1282 1098 se
1307 1063 1526 1098 exsoluturos
1548 1062 1819 1110 pollicerentur.

1057 1113 1200 1148 Scilicet
1228 1113 1356 1146 Fifium
1382 1125 1443 1159 pro
1465 1112 1582 1145 Fixum
1603 1112 1722 1156 censum
1743 1113 1821 1148 bar.

1057 1162 1172 1197 barica
1208 1163 1330 1197 Secula
1365 1161 1486 1196 dixere
1523 1162 1541 1195 a
1570 1161 1679 1208 Figo,
1718 1163 1816 1210 cujus

1056 1211 1218 1260 supinum
1247 1211 1388 1246 effecere
1416 1210 1564 1255 Fufium,
1587 1224 1657 1246 non
1679 1212 1818 1249 Fixum.

1055 1261 1236 1310 Ejusmodi
1264 1261 1495 1310 opinionem,
1519 1261 1572 1297 uti
1594 1260 1715 1297 solidis
1741 1262 1819 1298 fun-

1055 1312 1228 1348 damentis
1257 1312 1401 1356 nixam,
1438 1325 1508 1346 non
1536 1311 1648 1347 solum
1686 1315 1819 1361 ample-

1056 1362 1153 1406 glor,
1181 1376 1262 1397 nam
1292 1362 1402 1397 adhuc
1424 1361 1570 1397 Italicae
1591 1361 1752 1410 Linguae
1774 1363 1820 1398 est

1056 1413 1147 1447 Fitto
1175 1426 1236 1460 pro
1261 1413 1364 1447 Fixus
1373 1426 1393 1455 ‚·
1413 1411 1572 1456 Confitto,
1593 1412 1731 1457 Trafitto
1752 1426 1816 1461 pro

1054 1462 1229 1507 Confixus‚
1272 1461 1461 1507 Transfixus
1479 1476 1499 1505 ;
1540 1461 1596 1497 sed
1631 1462 1666 1496 8<
1704 1463 1816 1511 ipsam

1054 1512 1301 1548 confirmatum
1330 1526 1397 1556 eo,
1439 1512 1608 1548 Chartam
1648 1512 1818 1550 videlicet

1053 1563 1246 1606 exerendo,
1268 1576 1373 1611 quam
1394 1565 1412 1598 ὲ
1433 1562 1736 1610 Chartophylacio
1757 1566 1817 1600 Sa-

1053 1626 1187 1649 crarum
1215 1614 1406 1662 Virginum
1436 1612 1703 1649 Ferrarienfium
1731 1616 1816 1650 San.

1052 1663 1100 1698 sti
1129 1663 1283 1699 Silvestri
1311 1663 1520 1711 descriptam
1548 1663 1590 1698 ad
1627 1676 1682 1699 me
1720 1664 1815 1701 misit

1053 1713 1186 1748 amicus
1223 1714 1305 1757 vir,
1346 1713 1470 1762 Joseph
1508 1715 1673 1749 Antenor
1700 1716 1815 1750 Scala-

1056 1762 1189 1797 brinius
1225 1762 1263 1798 in
1304 1764 1423 1798 eadem
1465 1762 1627 1798 civitate
1669 1763 1813 1800 sanstae

1057 1812 1191 1848 Mariae
1218 1812 1257 1848 in
1293 1814 1408 1848 Bucca
1446 1812 1595 1856 Re&0r‚
1633 1812 1693 1848 ubi
1730 1816 1816 1849 Fixa

1027 1891 1031 1904 ,
1055 1862 1165 1904 Pensio
1191 1862 1286 1899 idem
1314 1863 1382 1909 est,
1410 1871 1514 1910 atque
1541 1861 1654 1897 FiHus
1680 1864 1813 1908 Census.

261 1981 409 2022 Charta
441 1981 701 2035 emphyteusis
732 1967 832 2022 faeta
863 1994 886 2020 a
916 1976 1076 2019 Clariffiz
1107 1977 1309 2020 Abbatiffa
1342 1977 1571 2021 Monasterii
1603 1978 1735 2022 Sanfi’ti

384 2039 555 2082 Silvestri
589 2038 861 2091 Ferrarienfis,
892 2036 1011 2079 Saino
1042 2037 1080 2077 8(
1110 2040 1358 2080 Bono-Petro
1388 2036 1584 2093 germanis
1603 2069 1616 2091 ,

773 2101 895 2139 Anno
926 2093 1073 2137 Christi
1109 2099 1233 2152 1085.

234 2218 268 2251 N
293 2214 414 2249 nomine
448 2216 557 2250 Patris
584 2216 627 2250 θ’
653 2215 741 2250 Filii
770 2215 812 2250 ἴθ’
838 2214 942 2262 spiri·
965 2213 1012 2248 ·E

258 2276 307 2300 tus
334 2263 446 2299 ..ςαηὲῗὶ
465 2292 473 2300 .
501 2270 601 2301 Anno
629 2266 811 2302 Dominicae
838 2267 942 2301 Incar-

1053 2215 1124 2260 Ego
1150 2213 1274 2260 qm’dem
1301 2213 1335 2248 in
1362 2212 1427 2249 Dei
1461 2212 1583 2248 nomine
1616 2212 1736 2248 sainus
1771 2213 1819 2248 &⁹

1054 2267 1290 2299 Bonus-Petrus
1321 2264 1466 2311 germani
1501 2265 1544 2298 ad
1580 2263 1734 2307 invicem,
1771 2264 1816 2298 &¹

188 2316 326 2350 nationis
353 2318 561 2352 MLXXXV.
593 2321 762 2364 Regnante
798 2316 943 2351 Heinrico

187 2366 330 2401 Heinrici
357 2367 555 2412 Imperatoris
572 2366 674 2411 filio,
710 2371 811 2403 Anno
848 2367 942 2408 Viesi.

185 2431 232 2452 mo
267 2420 380 2457 Sexto,
417 2416 469 2450 die
506 2419 563 2452 XI.
599 2417 708 2459 mensis
744 2418 942 2463 Decembris,

184 2467 342 2503 Indicione
371 2469 459 2502 VIII.
490 2467 523 2500 in
551 2467 693 2511 inferiori
727 2472 836 2515 Burgo
865 2471 943 2503 Fer.

184 2519 290 2561 rarie,
329 2519 361 2553 in
399 2516 577 2560 claustrum
613 2518 725 2553 sanai
764 2518 913 2562 silvestri
935 2546 944 2556 .

1054 2315 1195 2349 Pet-bello
1221 2315 1264 2348 Θ·
1290 2315 1403 2348 Guilla
1421 2314 1572 2355 similiter
1593 2314 1739 2360 germani
1760 2327 1816 2348 no.

1050 2365 1109 2408 stri
1144 2366 1187 2400 ad
1223 2375 1326 2412 petere
1365 2364 1512 2398 videmur
1548 2366 1569 2398 ὰ
1606 2374 1636 2397 te
1672 2365 1813 2401 Domna

1055 2414 1218 2459 Clariza,
1238 2418 1305 2450 Deo
1323 2426 1500 2457 annuente,
1522 2413 1704 2450 Abbatiss‘a
1730 2416 1815 2450 Μο-

1057 2465 1193 2501 nasterii
1230 2465 1348 2501 Sancti
1385 2464 1562 2509 Silvestri,
1597 2466 1639 2500 ab
1672 2465 1726 2500 hoc
1759 2466 1813 2500 die

1053 2528 1110 2566 per
1147 2517 1228 2553 hanc
1264 2515 1417 2561 enfiteosis
1451 2515 1607 2564 paginam
1649 2516 1812 2562 concedis&

1674 2565 1762 2601 nobis
