2185 3027
282 211 364 260 673
402 260 409 267 ,

226 316 331 356 bant,
357 313 454 348 nulla
480 322 554 347 erat
580 311 672 347 ratio
699 324 756 347 eos
782 312 911 348 iterum
939 313 979 348 ad

224 363 408 401 servitium
447 362 613 412 cogendi.
649 364 767 408 Quare
795 363 900 400 satius
927 364 981 400 vi·

223 415 298 452 sum
314 414 380 458 est,
400 413 445 450 iis
465 412 594 449 duritie
613 414 712 449 omni
732 414 883 462 deposita
906 415 958 451 uti
971 441 981 455 ‚

227 466 294 502 hoc
330 466 376 502 est
416 464 548 502 intaeta
587 464 734 501 illorum
775 465 979 502 Libertate:

228 517 290 565 qui
318 529 394 551 mos
421 516 531 551 adhuc
568 516 657 564 apud
690 516 834 554 Italicos
870 517 982 552 obser-

226 577 350 603 vatur.
380 566 484 602 Paffia
502 566 643 614 quidem
664 567 841 604 interdum
861 567 980 604 statue-

228 619 356 654 bantur
382 617 476 652 inter
503 619 688 662 Proceres,
709 627 768 653 aut
791 620 902 654 Urbes
928 618 982 654 vi-

228 669 324 704 cinas
341 695 351 712 ,
379 676 418 703 ut
445 667 560 703 neutri
589 669 679 716 parti
715 668 860 713 liceret,
887 670 982 703 homi-

227 732 297 753 nem
322 718 454 754 alterius
480 719 609 752 retinere
636 719 712 766 (ita
738 719 834 755 enirn
860 721 981 768 loque·
1029 719 1056 753 B

228 769 405 817 bantur);
434 771 555 805 verum
583 779 622 805 ut
649 769 835 815 amicitia,
862 770 913 806 ita
948 771 982 805 ὃς

229 819 369 855 foedera
395 820 468 855 levi
503 820 649 868 negotio
685 830 770 857 tunc
805 821 980 857 evanesce·

229 870 342 914 bant,
378 883 417 905 ac
453 872 591 906 nullum
629 871 773 919 proinde
809 869 1014 908 efficacius·

229 920 365 956 frenum
393 920 435 955 ad
463 920 692 956 cohibendam
735 922 983 970 Agricolarum
1011 901 1014 949 i

230 971 350 1018 fugam
387 970 555 1019 superfuit
577 999 587 1015 ,
624 985 728 1020 quam
766 973 892 1009 leniter
928 987 986 1009 eos

228 1021 385 1066 habere,
426 1022 461 1057 ὃ(
498 1021 629 1067 finere,
666 1032 705 1058 ut
743 1024 926 1060 Libertate
967 1025 985 1058 ὲ

229 1073 309 1108 Deo
336 1072 416 1108 data
443 1071 657 1109 fruerentur.
696 1076 803 1122 Supra
831 1075 985 1110 vidimus

230 1122 280 1158 fas
317 1123 464 1158 minime
502 1123 600 1159 fuisse
639 1125 869 1171 Adfizmptitios
909 1139 984 1173 pro-

230 1221 322 1258 hanc
371 1235 443 1258 rem
494 1224 690 1271 complures
739 1226 985 1261 conciliorum

230 1274 416 1317 Canones,
444 1286 531 1321 quos
568 1273 740 1309 recensere
777 1275 985 1322 superfluum

232 1322 344 1367 foret,
385 1323 500 1359 Servis
537 1324 703 1360 acceffum
740 1324 988 1360 interdicentes

233 1373 274 1409 ad
311 1372 422 1409 sacros
458 1374 556 1410 Cleri
602 1375 751 1423 gradus,
788 1375 851 1410 nisi
893 1375 988 1423 prius

230 1424 449 1460 Libertatem
478 1425 497 1459 ὲ
535 1426 701 1461 Dominis
728 1426 986 1469 impetrassent.

227 1475 326 1510 Haec
365 1484 480 1509 autem
524 1475 739 1518 potiffimum
782 1470 988 1518 exigebatur

228 1524 267 1558 in
308 1521 558 1570 promovendis
597 1521 639 1555 ad
679 1520 1019 1566 Presbyteratum.l

231 1185 374 1207 movere
402 1172 442 1206 ad
471 1172 582 1208 sacros
618 1175 788 1210 Ordines.
825 1178 912 1211 Sunt
948 1176 986 1211 in
1011 1173 1056 1231 [C

582 199 948 244 DISSERTATJO
991 202 1235 259 QUARTA
1282 206 1484 250 ECWA:

225 276 371 311 rumque
399 259 628 297 inimicorum
664 260 839 296 ditionem
868 260 978 310 fugie-
1019 264 1052 297 A

1089 263 1221 296 Verum
1259 265 1445 302 barbaricis
1474 264 1625 302 Saeculis
1653 225 1843 302 nonysatx's

1089 320 1246 347 accurate
1273 317 1473 362 aequiffima
1500 317 1584 352 haec
1619 317 1755 353 decreta
1782 319 1844 353 ob-

1090 363 1334 407 servabantur,
1362 365 1429 402 five
1456 367 1708 416 Episcoporum
1729 368 1842 404 nimia

1090 413 1335 461 indulgentia,
1370 414 1437 450 slve
1474 418 1709 454 Dominorum
1747 432 1844 468 prae-

1091 464 1268 513 potentia.
1296 466 1349 500 De
1384 464 1593 513 hujusmodi
1619 469 1724 504 abusu
1761 483 1845 504 con-

1090 515 1223 563 questus
1250 515 1295 550 est
1321 517 1469 551 Carolus
1498 519 1550 551 M.
1577 518 1613 553 in
1642 520 1843 566 Capitulari

1092 566 1301 615 Aquisgran.
1317 568 1424 602 Anno
1440 568 1742 604 DCCLXXXIX.
1758 573 1844 618 Cap.

1094 630 1151 654 22.
1182 617 1366 665 inquiens:
1395 618 1627 653 Admittuntur
1659 621 1768 664 paffim
1803 623 1847 655 ad

1092 668 1239 703 Ordinem
1257 668 1401 713 sacrum,
1421 668 1533 715 quic'ms
1552 669 1644 703 nulla
1667 671 1823 704 natalium
1836 698 1846 714 ,

1093 721 1185 754 nulla
1220 732 1337 753 morum
1370 719 1518 765 dignitas
1545 719 1763 766 su-ffiagatur.
1801 723 1849 754 Et

1093 771 1147 818 qui
1172 772 1194 804 ὰ
1219 769 1367 805 Dominis
1388 769 1457 814 suis
1482 770 1674 804 Libertatem
1709 771 1849 817 consequi

1094 821 1221 855 minime
1252 830 1441 867 potuerunt,
1470 821 1514 855 ad
1543 820 1712 866 fastigium·
1742 825 1852 856 Sacer.

1093 872 1194 915 datii,
1221 881 1380 917 tamquam
1396 871 1528 915 servilis
1550 871 1666 904 vilitas
1691 872 1772 905 hunc
1796 872 1851 906 ho.

1095 935 1195 956 norem
1214 922 1340 968 capiat,
1357 922 1590 968 provehuntur.
1615 923 1713 956 Haec
1732 922 1850 959 lucem

1095 972 1226 1007 dabunt
1254 971 1450 1007 Donationi
1483 971 1594 1006 saetae
1621 973 1640 1006 *a
1667 972 1852 1008 Guaiferio

1099 1022 1258 1070 Principe
1286 1022 1505 1058 Salernitano
1534 1021 1704 1057 Ecclefiae
1731 1023 1852 1058 Samsti

1096 1073 1272 1116 Maximi,
1304 1073 1340 1108 in
1377 1086 1444 1120 qua
1471 1072 1501 1108 is
1538 1072 1651 1108 eidem
1679 1073 1782 1108 offert
1808 1074 1854 1108 ad

1094 1125 1352 1169 deserviendum,
1380 1122 1425 1161 ci*
1462 1124 1586 1157 laudem
1621 1124 1757 1157 Domino
1783 1125 1855 1158 red-

1095 1176 1231 1208 dendum
1252 1185 1361 1220 pueros
1387 1172 1547 1218 aliquot,
1572 1175 1590 1207 ὲ
1615 1171 1741 1218 quibus
1766 1186 1855 1207 non-

1098 1223 1187 1257 nulli
1227 1230 1325 1256 erant
1361 1221 1519 1264 Diacom‘,
1548 1229 1607 1255 aut
1637 1221 1854 1268 Subdfficmi,

1097 1270 1226 1318 reliqui
1264 1270 1402 1304 Clerici.
1446 1270 1480 1305 Si
1517 1270 1620 1305 offert
1655 1272 1853 1318 Ecclefiae,

1098 1335 1180 1370 ergo
1208 1321 1268 1355 sub
1296 1321 1367 1367 ejus
1396 1319 1581 1366 potestate,
1610 1333 1649 1355 ac
1681 1322 1754 1369 jure
1782 1325 1857 1359 Do.

1099 1370 1259 1406 minicali
1283 1368 1394 1402 adhuc
1418 1378 1535 1404 erant.
1563 1372 1770 1418 Pergamena
1795 1387 1856 1409 au.

1097 1418 1253 1453 theutica
1274 1416 1472 1454 adservatur
1492 1419 1529 1455 in
1555 1421 1749 1458 Tabulario
1769 1425 1856 1459 Mo-

1097 1468 1233 1504 nasterii
1260 1467 1423 1504 Cavenfis
1438 1495 1447 1505 .

289 1637 439 1679 Charta
471 1634 663 1678 Guaiferii
696 1635 879 1694 Principis
911 1636 1167 1691 Salernirmi,
1205 1653 1283 1695 qua
1315 1638 1507 1681 Ecclefiae
1540 1637 1669 1682 Sanffi
1703 1641 1794 1681 Ma-

490 1695 590 1738 ximi
619 1694 643 1736 {1
674 1694 707 1735 se
739 1696 959 1738 aedificatae
992 1697 1116 1738 multa
1146 1698 1291 1750 donat,
1322 1701 1444 1740 Anno
1477 1700 1596 1754 8745

620 1754 826 1797 restaurata
857 1757 895 1796 8(
927 1755 1156 1798 confirmata
1186 1759 1307 1798 Anno
1343 1759 1466 1799 1118.

232 1896 257 1914 ‚‚
333 1873 368 1905 N
392 1869 536 1906 nomine
558 1871 707 1906 Domini
734 1872 801 1908 Dei
823 1871 933 1908 eterni
955 1871 992 1908 δε
1017 1873 1071 1907 'D'
1099 1899 1123 1917 ‚,
1152 1872 1215 1909 fius
1243 1872 1377 1909 Domni
1405 1871 1557 1909 Abbatis
1589 1872 1716 1909 ostensa
1744 1873 1789 1910 est
1816 1888 1856 1911 u-

233 1946 257 1963 „
357 1921 549 1957 salvatoris
585 1922 689 1958 nostri
731 1923 807 1967 Jesu
841 1923 991 1959 Christi.

234 1996 258 2015 ‚‚
285 1972 394 2006 Anno
419 1971 461 2007 ab
484 1973 726 2008 lncarnatione
747 1974 820 2022 ejus
840 1973 991 2010 Millefi-

235 2047 258 2065 ,‚
286 2033 345 2056 mo
365 2022 564 2058 Centefimo
581 2023 878 2064 Orstavodecimm
901 2032 990 2060 tem-

234 2071 428 2120 „poribus
468 2074 617 2108 Domini
656 2074 759 2110 nostri
800 2075 989 2111 Guilielmi

235 2147 259 2166 ‚‚
285 2122 426 2171 gloriosi
453 2124 627 2172 Principis
652 2124 689 2160 &
717 2125 846 2166 Ducis,
863 2126 989 2162 mense

236 2197 259 2215 „
286 2172 474 2213 Ocstobris‚
498 2176 577 2209 XII.
599 2176 814 2212 Indiffione.
836 2179 930 2212 Dum
951 2178 988 2213 in

237 2248 260 2265 ‚,
289 2223 501 2260 Monasterio
518 2224 633 2261 fanestre
649 2225 687 2261 &
706 2227 888 2263 individue
903 2228 988 2264 Tri-

236 2298 260 2316 „
288 2273 438 2313 nitatis,
476 2276 568 2322 quod
597 2277 826 2313 construfflum
855 2278 900 2314 est
935 2278 989 2314 fo-

235 2348 259 2366 „
287 2323 335 2359 ris
371 2323 460 2359 hanc
499 2327 752 2364 salernitanam
791 2329 987 2365 Civitatem

234 2373 326 2417 „in
362 2375 442 2410 loco
478 2376 698 2419 Metilian0‚
736 2379 793 2416 cui
830 2382 990 2416 Domnus

235 2449 262 2470 ,‚
290 2426 412 2460 Petrus
441 2426 554 2474 gratia
581 2428 649 2463 Dei
674 2430 885 2467 venerabilis
913 2432 989 2467 Ab-

234 2499 259 2520 „
289 2475 347 2511 bas
384 2476 514 2525 preest,
551 2478 652 2513 essem
688 2493 751 2528 ego
782 2483 902 2517 Petrus
931 2443 1017 2528 ΙΨ.

233 2551 258 2572 ‚,
285 2525 377 2566 dex,
401 2527 440 2563 in
465 2527 582 2564 eadem
610 2530 799 2578 praesentia
824 2533 908 2580 jussu
936 2533 990 2582 ip-
1013 2532 1017 2572 Ι

330 2581 419 2613 Tom.
448 2580 485 2614 ΙΙ

1099 1951 1122 1967 ,,
1151 1937 1195 1959 na
1214 1925 1381 1962 Cartula,
1403 1938 1468 1971 que
1490 1923 1712 1959 continebat.
1741 1928 1777 1960 In
1799 1940 1855 1959 no-

1098 1975 1180 2008 mine
1207 1974 1339 2009 Domini
1365 1975 1428 2009 Dei
1452 1975 1632 2008 salvatoris
1652 1975 1733 2018 Jesu
1760 1977 1855 2010 Chri*

1091 2025 1158 2068 sti.
1186 2029 1355 2072 Regnante
1381 2028 1502 2059 Domno
1530 2025 1659 2059 Lodoico
1685 2028 1856 2072 Imperato-

1098 2089 1130 2110 re
1163 2075 1336 2122 Augusto,
1377 2079 1477 2110 Anno
1513 2078 1579 2109 Deo
1618 2077 1753 2122 propitio
1788 2076 1858 2117 eim·

1099 2126 1227 2174 Imperii
1248 2125 1418 2172 Vigefimo,
1439 2126 1537 2170 mense
1553 2127 1761 2166 Novembris,
1784 2130 1856 2164 VII.

1099 2176 1277 2212 Indidione
1294 2175 1454 2222 (scilicet
1469 2179 1577 2211 Anno
1593 2176 1722 2212 Christi
1745 2180 1825 2224 874.
1842 2179 1855 2227 )

1100 2231 1172 2274 Ego
1197 2227 1380 2271 Guaiferius
1405 2227 1523 2262 divina
1545 2227 1655 2272 gratia
1684 2228 1855 2275 Princeps,

1093 2278 1189 2323 filius
1229 2276 1306 2313 bone
1346 2278 1486 2311 memorie
1525 2278 1675 2321 Dauferii
1693 2302 1702 2317 ‚
1743 2279 1857 2314 divino

1031 2327 1059 2360 E
1101 2328 1220 2364 auxilio
1254 2342 1301 2362 me
1335 2329 1532 2367 adiuvante,
1569 2327 1655 2362 intus
1689 2329 1768 2363 hanc
1793 2333 1857 2365 Sa-

1101 2379 1291 2414 lernitanam
1327 2378 1503 2414 Civitatem
1530 2392 1550 2414 a
1571 2379 1665 2426 super
1700 2379 1760 2422 ista
1795 2381 1857 2415 Fi-

1094 2430 1183 2473 stula
1216 2429 1387 2477 propInquo
1422 2429 1491 2473 casa
1525 2443 1592 2464 mea
1618 2444 1638 2464 a
1668 2430 1857 2474 fundamine

1103 2481 1195 2528 usque
1220 2481 1263 2515 ad
1289 2481 1406 2514 culmen
1433 2480 1601 2521 Ecclesiam
1628 2481 1692 2516 Dei
1727 2480 1856 2525 edifica-

1101 2532 1141 2566 vi
1167 2532 1201 2566 in
1227 2531 1336 2565 honore
1362 2530 1408 2569 ὅτ’
1443 2531 1592 2566 vocabulo
1626 2531 1712 2567 beati
1746 2531 1858 2567 Sanfh'

1201 2583 1232 2617 X
1259 2594 1281 2616 Χ
1690 2584 1806 2617 Maxi—
