2185 3027
374 210 433 272 4‘3·
644 212 1077 280 ANTIQUJT.
1125 219 1374 266 MEDJJ
1421 222 1613 269 AEVJ
1820 243 1879 285 44

315 329 509 375 Placitum
532 332 554 375 a
575 336 800 380 Guntherio
820 339 1063 382 Cancellario
1083 341 1119 380 8<
1141 339 1260 382 Misso
1279 341 1443 384 Henrici
1463 346 1514 385 11.
1537 343 1805 401 Imperatoris,
1825 346 1935 389 habi-

342 401 428 432 tum
461 391 502 434 in
535 395 741 438 Comitatu
774 398 1028 441 Florentino:
1067 398 1108 439 in
1140 413 1220 454 quo
1252 402 1477 444 Advocatus
1510 402 1739 444 Monasterii
1773 404 1907 447 sanai

399 451 693 497 Bartholomaei
725 458 856 498 Curtis
890 455 1105 500 Miinberti
1137 471 1195 498 res
1235 459 1418 514 quasdam
1450 460 1618 515 ejusdem
1651 462 1850 504 Coenobii

484 522 615 553 tuetur
645 527 779 557 contra
811 517 1019 559 nonnullos
1049 529 1184 559 earum
1217 517 1451 576 usurpatores
1482 523 1603 562 Anno
1640 535 1763 576 1035.

410 631 467 663 Um
494 629 528 663 in
564 631 629 664 Dei
663 633 807 674 nomine,
844 634 876 668 in
904 634 1065 670 Comt‘tatu
1106 634 1137 668 A
1172 663 1196 680 ‚,
1223 643 1294 670 tem
1338 635 1379 671 de
1421 638 1562 681 Curte,
1603 650 1670 685 que
1711 645 1936 686 nuncupatur

436 681 643 725 Florentino,
668 695 759 730 prope
784 685 925 728 fluvium
951 687 1063 729 Arni,

305 728 341 762 in
367 730 428 763 loco
454 732 508 775 qui
534 744 714 767 nominatur
738 736 872 780 Omido,
908 737 942 770 in
974 735 1061 779 judi-

306 777 352 812 cio
378 779 528 819 residebat
567 784 724 818 Domnus
752 787 945 821 Gunterius
971 787 1058 821 Can-

305 829 469 864 cellarius
493 831 527 865 8<
555 833 679 868 Missus
711 836 841 871 Domni
872 839 1060 885 Imperato-

305 877 376 921 ris,
400 878 543 923 justicias
563 883 730 926 faciendas
757 900 792 921 ac
816 887 1037 923 deliberandas
1047 899 1062 920 .-

303 927 442 974 adeffent
468 944 534 964 cum
560 946 590 966 eo
617 936 835 980 Bonurfilius,
872 943 964 979 Otto,
992 941 1056 971 .A’t-

303 990 343 1022 Z⁰
363 1005 372 1021 ‚
410 980 570 1015 Wibertus
590 1009 600 1026 ‚
639 988 847 1031 Burgundius
867 1017 877 1032 ‚
916 989 1058 1022 Wolcau·

294 1028 378 1072 sus,
416 1032 580 1066 Tolbertus
611 1035 747 1078 Judices
780 1041 872 1073 Sacri
906 1037 1059 1082 Palatii,

302 1078 347 1112 &⁶
374 1079 487 1125 reliqui
509 1083 641 1127 plures:
675 1086 780 1133 ibique
804 1103 904 1123 eorum
921 1089 1061 1123 see-niens
1101 1085 1127 1118 Β

297 1128 451 1185 presentie
488 1133 684 1175 Lansrancus
710 1141 878 1173 Avocatus
904 1139 1058 1181 Monesle·

303 1178 349 1211 eti
382 1179 497 1214 SanHt'
522 1184 758 1229 Bartholomei,
787 1189 851 1230 fito
885 1191 970 1231 loco,
1006 1190 1062 1236 qm'

301 1239 434 1263 vocatur
459 1233 568 1267 Curtis
595 1235 800 1282 Mainberti,
837 1241 880 1273 (9⁶
905 1241 985 1286 cepit
1009 1240 1057 1273 di·

303 1291 392 1313 cere:
413 1307 436 1323 ‚,
464 1283 540 1324 Jam
563 1284 675 1331 plures
697 1287 775 1323 vice
795 1302 851 1325 me
871 1289 1057 1325 reclamavi

302 1355 327 1373 ‚‚
355 1329 489 1387 :id-vos
519 1335 664 1371 Donnus
691 1340 884 1375 Gunterius
911 1341 1055 1376 Cancel-

302 1404 327 1422 ‚,
355 1380 464 1416 larius
489 1383 522 1417 8<
550 1385 676 1422 Missus
709 1387 808 1436 super
834 1391 1057 1427 Bonifacium

302 1455 326 1472 ‚,
355 1431 406 1487 8<-
426 1433 582 1477 Eponem
601 1463 613 1478 ,
647 1438 681 1472 8<
718 1439 816 1488 supra
854 1441 1057 1477 Rainerium

303 1505 327 1522 ‚,
355 1479 470 1516 filium
507 1485 645 1530 Wille,

301 1555 327 1573 „
355 1532 559 1570 Monesterii
596 1538 693 1573 malo
726 1540 850 1577 ordine
875 1543 909 1577 8<
937 1552 1058 1578 contra

301 1606 327 1623 ‚‚
354 1583 488 1630 Legem
514 1585 675 1624 detinent
701 1602 834 1636 omne,
860 1593 954 1640 quod
982 1594 1057 1629 abe-

301 1656 328 1674 „
355 1645 434 1689 mus
460 1634 498 1691 in
519 1637 650 1681 Alrna,
677 1640 711 1674 8<
733 1643 974 1679 contradicent
997 1658 1056 1679 no·

301 1707 326 1724 ‚‚
354 1694 528 1721 minative
563 1688 785 1727 medietatem
814 1693 855 1728 de
883 1696 995 1730 Curte
1020 1708 1057 1730 u-

299 1756 325 1774 „
352 1745 418 1774 na,
446 1748 512 1781 que
532 1749 752 1785 noncupatur
777 1743 947 1792 Sestinga,
976 1758 1056 1779 cum

299 1806 325 1824 ‚,
354 1782 434 1819 cafis
460 1787 494 1820 8<
522 1789 705 1836 CapeHis,
746 1792 803 1828 seu
840 1794 1030 1829 territoriis
1047 1821 1056 1835 ‚

299 1856 325 1874 ‚,
352 1835 583 1884 omnibusque
614 1842 735 1884 rebus,
773 1855 840 1889 que
867 1843 908 1878 ad
945 1843 1054 1891 ipsam

297 1906 324 1924 ‚,
353 1884 575 1922 medietatem
604 1888 646 1924 de
671 1890 743 1937 jam
770 1892 863 1928 dieta
892 1896 1002 1929 Curte
1022 1895 1055 1928 &

299 1956 324 1975 ‚,
352 1935 498 1991 Capella
517 1938 734 1984 pertinente.
751 1944 843 1977 Nam
862 1944 968 1979 aliam
987 1958 1052 1978 me-

298 2006 324 2025 „
351 1984 519 2022 d1etatem
560 1988 601 2023 de
641 1990 709 2036 jam
747 1992 839 2027 dista
876 1996 988 2029 Curre
1022 1995 1055 2028 8<

300 2056 325 2076 ‚,
353 2036 528 2081 Capella,
566 2038 635 2074 five
670 2041 769 2076 rebus
805 2044 969 2079 omnibus
1006 2044 1056 2080 su-

300 2107 326 2125 „
355 2085 536 2135 prascripti
563 2090 768 2127 Monesterii
796 2093 838 2128 ad
866 2095 1056 2142 proprieta-

299 2157 326 2176 ‚‚
354 2145 424 2170 tem
455 2138 625 2184 pertinet.
662 2143 709 2176 Et
735 2141 803 2178 five
831 2144 1055 2180 medietatem

300 2207 326 2225 a,
354 2184 395 2221 de
416 2188 525 2224 Curte
545 2203 633 2232 una,
662 2206 729 2240 que
748 2204 966 2243 noncupatur
985 2198 1056 2232 Co-

302 2258 327 2276 „
354 2237 510 2294 lilmnata
539 2254 617 2276 curn
646 2243 829 2287 Ecclesiis,
858 2245 960 2291 casis,
988 2255 1054 2282 ter-

300 2307 326 2326 „
353 2289 515 2334 ritoriis‚
552 2293 587 2327 8<
622 2293 789 2330 omnibus
823 2296 950 2340 rebus,
989 2310 1058 2342 que

298 2357 324 2376 2»
352 2337 393 2373 ad
433 2339 506 2389 ipsa
548 2343 773 2380 medietatem
815 2345 859 2381 de
902 2347 1056 2396 predista

300 2409 324 2428 2,
352 2391 463 2426 Curte
488 2393 521 2427 8<
558 2394 721 2430 Ecclefiis
757 2396 936 2445 pertinet3
974 2397 1053 2433 reli·
1081 2408 1082 2411 ’

300 2461 325 2479 ,,
352 2452 419 2487 qua
447 2453 596 2489 namque
632 2445 800 2481 medietas
836 2446 939 2493 ipsius
967 2449 1053 2483 Cur·

300 2510 324 2529 ‚‚
352 2490 398 2526 tis
426 2491 466 2526 ad
504 2495 751 2539 proprietatem
788 2496 892 2543 ipsius
927 2499 1051 2532 Mone-

299 2567 324 2584 „
350 2540 442 2579 sterii
469 2542 629 2582 detinet.
659 2545 677 2566 *
706 2548 754 2582 Et
790 2545 858 2583 five
888 2547 1052 2585 medieta-

682 1490 745 1535 q-ui
781 1491 871 1536 parti
909 1492 1058 1538 prediSii
1080 1506 1127 1549 ⁸C

1173 715 1196 731 „
1227 686 1329 722 Valle
1366 700 1444 722 eum
1481 690 1594 723 Turre
1631 689 1665 723 8<
1704 688 1855 724 Castello
1893 690 1930 723 δε

1173 765 1195 780 ,,
1223 736 1376 772 Ecclefia
1411 737 1465 773 ibi
1505 738 1731 781 confistente,
1772 740 1807 773 8<
1847 751 1928 773 cum

1172 815 1195 832 ‚‚
1223 785 1330 831 casis,
1367 787 1583 831 territoriis,
1619 789 1654 823 8<
1685 787 1848 823 omnibus
1876 801 1929 823 re-

1171 866 1194 882 „
1224 838 1307 882 bus,
1333 851 1400 885 que
1427 837 1469 873 ad
1497 837 1607 886 ipsam
1634 838 1858 874 medietatem
1886 838 1932 874 de

1171 888 1295 936 „jam
1337 888 1433 923 dieto
1475 888 1625 924 Castello
1666 890 1701 923 δ(
1743 891 1856 924 Turre
1892 890 1928 923 8<

1171 967 1194 983 ,‚
1223 940 1333 974 Curte
1375 938 1587 987 pertinent3
1629 939 1736 975 aliam
1776 952 1931 986 namque

1170 1017 1196 1033 ‚,
1224 988 1448 1023 medietatem
1486 989 1593 1035 ipfius
1626 989 1748 1025 cortis
1779 989 1822 1024 ad
1850 1002 1929 1037 pro-

1171 1067 1195 1083 „
1223 1038 1370 1087 prietate
1403 1037 1518 1086 ipsum
1550 1039 1802 1075 Monesterium
1838 1039 1930 1074 deti·

1171 1117 1194 1133 „
1223 1097 1304 1124 net.
1339 1091 1384 1123 Et
1421 1088 1490 1123 five
1518 1089 1743 1124 medietatem
1769 1089 1810 1123 de
1837 1091 1928 1124 Cor-

1171 1167 1194 1183 „
1222 1148 1278 1181 te,
1299 1152 1367 1186 que
1383 1138 1587 1174 nominatur
1605 1138 1822 1181 Pordlione,
1845 1152 1928 1174 cum

1170 1217 1194 1234 ‚,
1223 1188 1326 1233 calis,
1347 1189 1505 1238 Capellis
1518 1188 1572 1224 seu
1589 1188 1800 1232 territoriis,
1822 1190 1855 1223 &
1877 1190 1927 1223 la-

1169 1267 1193 1284 „
1221 1253 1261 1275 cu
1278 1241 1311 1274 8<
1334 1239 1476 1287 piscaria
1494 1240 1527 1274 &
1549 1249 1673 1287 portu,
1694 1238 1928 1285 omnibusque

1169 1318 1191 1335 ,‚
1221 1289 1263 1325 ad
1293 1290 1402 1338 ipsam
1440 1289 1664 1324 medietatem
1693 1289 1733 1324 de
1770 1288 1929 1336 predista

1168 1368 1193 1385 ‚‚
1220 1341 1330 1376 Corte
1358 1352 1431 1375 tam
1467 1340 1507 1375 in
1534 1339 1657 1383 terris,
1692 1340 1798 1387 quam
1825 1339 1862 1374 in
1890 1353 1925 1374 a-

1167 1418 1193 1435 „
1219 1390 1298 1439 quis
1340 1391 1515 1436 pertinere
1553 1390 1746 1425 videntur:
1789 1389 1927 1437 reliqua.

1167 1469 1191 1486 ‚,
1220 1444 1303 1477 verb
1340 1455 1416 1489 pars
1452 1440 1566 1476 media
1603 1439 1707 1487 ipfius
1733 1440 1853 1476 Cortis
1881 1440 1926 1475 ad.

1168 1519 1190 1536 ‚‚
1219 1492 1433 1540 proprietate
1460 1490 1573 1537 ipsum
1594 1490 1843 1526 Monesterium
1865 1490 1921 1526 de-

1167 1570 1190 1587 „
1219 1542 1333 1578 tinet.
1361 1541 1424 1577 Sed
1451 1542 1484 1577 8<
1512 1541 1554 1577 de
1580 1541 1736 1577 Castello
1759 1540 1924 1589 Casalap.

1167 1620 1190 1638 „
1219 1592 1276 1639 pi,
1305 1592 1435 1641 septem
1463 1592 1574 1627 Merli
1601 1591 1645 1627 de
1670 1591 1827 1640 prediCto
1853 1593 1924 1627 Ca-

1167 1670 1190 1689 „
1218 1643 1338 1686 stello,
1366 1656 1442 1678 curn
1474 1642 1542 1677 suis
1569 1641 1816 1687 pertinentiis,
1855 1654 1927 1687 que

1166 1721 1190 1737 ,,
1216 1693 1351 1728 detinet
1378 1691 1530 1733 Tedici‚
1556 1692 1590 1725 8<
1620 1691 1706 1739 Pojo
1733 1691 1795 1738 qui
1821 1704 1925 1726 voca.

1166 1769 1190 1786 ‚,
1217 1753 1276 1777 tur
1301 1744 1467 1789 Capanna
1488 1750 1645 1784 murata,
1673 1750 1788 1775 totum
1810 1740 1850 1775 in
1868 1741 1923 1775 in-

1166 1819 1189 1836 ,‚
1218 1801 1353 1840 tegrum
1383 1804 1462 1826 cum
1499 1790 1569 1825 suis
1596 1790 1842 1838 pertinentiis,
1874 1792 1926 1826 Et

1166 1869 1190 1886 „
1218 1842 1286 1877 alia
1313 1844 1422 1877 Corte
1450 1840 1613 1883 Aslait0‚
1648 1853 1727 1875 cum
1754 1839 1925 1876 medieta-

1166 1920 1189 1936 ‚‚
1217 1902 1252 1927 te
1288 1891 1329 1927 de
1364 1890 1516 1926 Ecclesia
1551 1890 1668 1926 Sanfsti
1705 1889 1924 1936 Michaelis*

1166 1969 1189 1986 ‚‚
1217 1956 1284 1990 que
1310 1951 1458 1977 vocatur
1492 1941 1531 1976 in
1566 1941 1717 1977 Nottnla
1754 1953 1836 1975 cum
1871 1940 1919 1977 se.

1166 2020 1189 2037 ‚‚
1219 2002 1313 2041 ptem
1350 1991 1471 2027 Mase.
1508 1991 1571 2027 Sed
1607 1992 1640 2026 8<
1677 1990 1747 2026 alia
1783 1993 1923 2036 Corte„

1167 2070 1189 2087 ‚,
1218 2056 1284 2090 que
1305 2042 1508 2077 nominatur
1528 2041 1739 2089 Serignano,
1761 2055 1841 2076 cum
1862 2042 1921 2078 sua

1167 2120 1189 2138 ,‚
1219 2092 1428 2140 pertinentia
1443 2120 1454 2136 ,
1479 2093 1512 2127 8<
1533 2091 1684 2127 Ecclesia
1703 2091 1821 2127 SanE‘ti
1843 2094 1919 2127 An.-

1165 2171 1189 2188 ‚.
1217 2143 1297 2179 dree
1322 2155 1401 2179 curn
1437 2141 1495 2177 sua
1530 2142 1765 2190 perti-nentia.
1795 2142 1813 2158 ’⁹
1846 2145 1921 2178 Un-

1164 2221 1188 2238 „
1216 2194 1258 2229 de
1292 2206 1399 2241 quero
1434 2192 1476 2227 ad
1503 2205 1592 2236 vos,
1629 2195 1789 2228 Domnus
1825 2195 1921 2229 Can-

1163 2272 1187 2289 ‚‚
1217 2244 1377 2280 cellarius
1413 2243 1446 2278 8<
1483 2243 1634 2286 Missus,
1671 2252 1711 2278 ut
1738 2257 1804 2278 vos
1839 2257 1920 2291 pro-

1163 2323 1189 2340 „
1216 2304 1292 2343 pter
1319 2297 1456 2336 Deum,
1483 2294 1517 2328 8<
1541 2293 1659 2329 anirne
1685 2293 1818 2329 Domni
1847 2296 1919 2329 Im-

1163 2373 1186 2389 „
1214 2344 1402 2392 peratoris,
1439 2356 1478 2378 ac
1506 2343 1610 2379 vestre
1647 2344 1839 2384 mercedis,
1875 2352 1919 2380 ut

1165 2423 1189 2441 „
1216 2394 1409 2431 investiatis
1444 2406 1528 2437 me,
1564 2395 1598 2429 8<
1635 2395 1726 2442 parti
1767 2394 1918 2441 prediffi

1162 2473 1187 2491 „
1214 2444 1420 2480 Monesterii
1454 2444 1495 2479 de
1532 2444 1577 2480 iis
1612 2445 1776 2480 omnibus
1815 2447 1917 2480 rebus

1163 2524 1185 2540 ,‚
1214 2494 1253 2530 ad
1296 2494 1390 2530 salva
1430 2496 1590 2542 querela,
1633 2495 1810 2543 quousque
1850 2495 1914 2542 ipfi

1164 2573 1187 2591 „
1215 2545 1417 2581 Bonifacius
1456 2546 1490 2580 8<
1526 2548 1626 2595 Eppo
1662 2547 1697 2581 δε
1734 2545 1919 2582 Rainerius

1691 2623 1717 2642 „
1742 2597 1786 2630 ad
1812 2609 1870 2632 ve.
