2185 3027
160 205 334 298 Epi3stzlae
361 249 439 286 suae
474 248 703 285 indicabant:
741 247 855 294 Missos
891 263 917 284 e-

161 300 242 335 tiam
268 301 348 335 tales
379 313 437 348 per
462 305 609 347 Regnum
635 299 829 342 constituite,
867 300 923 347 qui

155 350 284 395 sciant,
311 352 448 398 qualiter
474 352 609 385 Comites
636 352 678 384 &⁶
705 351 794 385 ceteri
815 351 913 384 Mini-

154 400 218 443 stri
231 401 391 447 justitiam
412 403 454 436 &
472 401 624 444 judicium
640 403 758 448 Populo
772 401 923 444 faciant.-

161 452 218 498 qui
246 451 329 493 ficut
364 453 538 487 comitibus
569 462 829 499 praeponuntur,
876 452 923 487 ita

155 502 293 546 stientia
308 530 318 546 ‚
336 502 464 547 justitia
483 516 518 537 ac
543 503 677 537 veritate
704 505 749 536 eis
772 503 917 548 praeemi-

161 563 276 587 neant.
305 554 357 587 En
380 563 508 601 quanta
531 553 714 602 Regalium
735 553 921 588 Mifforum

164 602 318 650 dignitas
345 604 379 638 8<
407 603 598 639 auotoritas
635 603 750 639 foret.
789 604 917 639 Praeci-

163 665 270 700 puum
299 656 382 689 verb
410 654 609 702 hujusmodi
632 655 818 690 Mifforum
848 667 936 689 mu·-

571 187 1081 233 DISSERTATIO
1140 189 1373 233 NONA.

958 251 992 285 A

1082 249 1135 283 De
1162 250 1298 282 Moneta
1332 261 1492 295 quoque,
1527 250 1597 286 five
1623 210 1789 287 de3Pem-

1029 299 1106 342 nia,
1143 311 1184 333 an
1214 298 1347 333 alicubi
1382 298 1464 333 falsa
1500 300 1535 334 in
1573 301 1790 337 commercio

1030 349 1271 384 adhiberetur:
1299 349 1341 384 de
1367 351 1554 383 Latronibus
1579 351 1789 398 puniendis,

1031 399 1072 435 de
1094 400 1295 446 privatorum
1321 398 1578 443 simultatibus,
1619 401 1659 436 de
1696 402 1789 450 inju-

1029 450 1085 486 stis
1114 450 1328 497 Veffligalibus
1354 450 1387 484 8<
1416 449 1550 497 iniquis
1583 451 1790 494 Consuetudi-

1030 501 1142 544 nibus,
1170 514 1209 536 ac
1237 500 1382 535 Triburis
1407 513 1516 547 nuper
1544 499 1733 544 institutis,
1754 515 1790 537 a.

1029 551 1156 598 liisque
1183 550 1382 599 hujusmodi
1406 550 1634 598 Reipublicae
1655 549 1791 585 incom-

1031 601 1144 636 modis
1181 603 1198 636 ὲ
1236 601 1354 636 medio
1391 601 1582 645 tollendis,
1616 609 1721 648 atque
1757 614 1793 635 e-

1030 651 1256 695 mendandis,
1292 651 1483 698 multiplex
1511 651 1562 686 eis
1590 664 1671 686 cura
1697 649 1793 685 futu-

163 716 228 738 nus
256 702 324 739 fuit
351 717 491 751 operam
519 704 626 748 dare,
654 715 689 739 ut
716 705 922 747 Ecclestarum
961 702 988 735 B
1030 715 1065 737 ra
1093 711 1191 738 erat.
1216 702 1324 747 Quod
1355 705 1437 737 vero
1459 713 1516 748 per
1541 701 1573 747 se
1604 701 1705 745 facere
1731 714 1793 734 non

163 753 228 788 Dei
261 753 425 798 justitias,
460 755 631 789 viduarum
666 769 783 803 quoque
809 756 851 790 (9²
878 768 920 789 or-

160 804 361 850 phanorum,
394 805 453 849 fid
488 806 529 839 Θ·
565 815 726 840 ceterorum
768 807 925 840 bominum

163 853 358 900 inquirerent
385 856 428 889 (9‘
451 855 654 901 perficerent,
692 857 734 890 (9⁶
760 858 919 903 quodcum-

164 916 223 950 que
249 906 477 938 emendandum
503 904 573 951 effer
589 933 598 949 ,
635 907 797 942 emendare
815 907 921 949 stude-

164 963 261 998 rent,
299 955 332 988 in
368 966 521 1001 quantum
556 957 665 991 melius
699 957 848 1003 possent:
881 959 923 992 (9·

163 1007 246 1050 quod
272 1010 434 1039 emendare
465 1016 522 1052 per
549 1007 587 1051 se
619 1007 853 1054 nequiviffint,
890 1009 922 1043 in

159 1054 340 1100 praesentia
376 1057 576 1100 Imperatoris
611 1059 728 1091 adduci
757 1059 923 1100 facerent.

161 1104 260 1138 Haec
289 1102 503 1139 flodoardus
531 1105 612 1140 Lib.
642 1118 674 1141 2.
704 1107 834 1142 Histor.
856 1111 919 1143 Re-

1031 751 1176 799 poffimt‚
1205 753 1293 787 nobis
1319 764 1422 786 notum
1444 752 1595 796 faciant,
1623 751 1737 800 aJ'ebat
1765 750 1796 785 i-

1034 803 1110 837 dem
1140 802 1345 839 Ludovicus
1374 803 1480 845 Pius,
1522 802 1620 849 cujus
1657 800 1795 837 monita

1033 852 1101 887 five
1121 853 1401 888 Constitutiones
1429 853 1469 888 ad
1497 853 1622 888 Miflos
1650 852 1691 886 ab
1717 851 1795 892 ipso

1033 903 1163 939 elezstos
1205 903 1370 939 habemus
1413 903 1449 938 in
1487 905 1582 951 Lege
1625 904 1795 938 XXXVI.

1037 953 1256 1002 Langobard.
1292 955 1326 988 δε
1364 953 1521 1002 pluribus
1562 953 1644 988 aliis
1683 951 1796 988 subse-

1034 1004 1242 1052 quentibus.
1278 1004 1341 1040 Sed
1380 1003 1594 1052 potiffimum
1632 1003 1669 1038 in
1704 1002 1794 1038 hanc

1033 1068 1105 1090 rem
1133 1055 1300 1103 legenda,
1328 1068 1416 1101 quae
1443 1054 1485 1089 de
1511 1053 1586 1101 ipso
1614 1052 1795 1099 Augusto,

1033 1104 1173 1152 ejusque
1198 1103 1314 1139 Miffis
1339 1104 1442 1139 refert
1462 1103 1650 1138 Ermoldus
1671 1103 1796 1151 Nigel-

161 1152 286 1188 menfis
321 1155 409 1202 Cap.
439 1157 496 1190 18.
531 1155 672 1201 Quibus
707 1156 921 1202 consonant,
965 1164 996 1198 C
1032 1155 1087 1190 lus
1113 1155 1150 1190 in
1179 1154 1348 1189 Carmine
1383 1154 1424 1189 de
1455 1154 1542 1188 Reb.
1567 1152 1648 1200 gest.
1672 1153 1795 1188 Ludo-

160 1217 251 1251 quae
285 1203 491 1240 Ludovicus
519 1207 565 1240 Π.
591 1207 768 1255 Augustus
802 1208 921 1244 statuit

160 1253 199 1290 in
220 1254 419 1301 Capitulari
441 1255 643 1300 Ticinenfi‚
671 1258 764 1305 quod
785 1259 918 1294 editum

160 1304 265 1340 habes
294 1306 386 1340 Part.
415 1308 459 1340 H.
487 1307 597 1342 Tomi
627 1309 654 1342 Ι.
683 1311 811 1343 Rerum
851 1311 916 1344 Ita-

159 1355 258 1391 licar.
286 1369 362 1403 pag.
393 1368 474 1403 159.
503 1357 562 1392 ubi
591 1357 674 1393 haec
701 1358 818 1394 Miffis
850 1359 920 1395 sive

158 1406 303 1454 Legatis
343 1408 463 1450 Regiis
501 1407 657 1444 facienda
686 1409 915 1446 indicuntur:

158 1457 365 1497 Ecclefiarum
393 1458 457 1492 Dei
481 1458 609 1501 justitia
643 1461 823 1507 inquiratur
849 1462 919 1497 &a

157 1508 357 1553 Pupillorum
385 1510 427 1542 (9¹
457 1510 632 1544 Viduarnm
667 1513 758 1556 causa
788 1512 916 1554 investi-

155 1568 249 1604 getur
276 1559 344 1594 &c.
372 1560 482 1593 Torius
509 1562 627 1607 Populi
652 1563 845 1607 querimonia
864 1576 919 1608 ge·

1032 1204 1105 1240 vici
1127 1204 1279 1252 ejusdem
1307 1205 1325 1239 ὲ
1354 1217 1410 1240 me
1436 1203 1535 1239 edito
1555 1205 1647 1239 Part.
1667 1204 1702 1238 ΙΙ
1719 1205 1795 1238 Το-

1034 1255 1087 1291 mi
1114 1256 1160 1290 11.
1189 1257 1268 1290 Rer.
1298 1255 1452 1290 Italicar.
1479 1254 1539 1289 ubi
1567 1263 1700 1300 quanto
1728 1253 1794 1289 stu-

1033 1305 1094 1340 dio
1121 1304 1254 1340 summe
1283 1306 1358 1353 pius
1385 1305 1562 1353 Augustus
1583 1304 1792 1339 felicitatem

1035 1356 1161 1403 Populi
1189 1355 1240 1391 sui
1270 1365 1494 1404 procuraret,
1530 1357 1563 1390 8<
1592 1364 1722 1401 quanta
1751 1354 1795 1389 ab

1033 1405 1112 1453 ipfis
1139 1405 1254 1441 Miffis
1281 1407 1344 1441 ille
1371 1407 1549 1455 exigeret,
1575 1404 1698 1440 multis
1718 1418 1794 1439 ver-

1032 1456 1123 1492 sibus
1157 1456 1282 1492 refert.
1320 1459 1446 1503 Neque
1482 1456 1519 1491 in
1557 1455 1794 1491 saecularium

1033 1515 1171 1542 tantum
1200 1507 1353 1555 negotiis
1382 1506 1449 1543 sese
1475 1519 1634 1542 exercere
1655 1505 1796 1540 consue=

1033 1567 1115 1593 runt
1142 1557 1312 1605 ejusmodi
1341 1557 1492 1606 Legati,
1520 1556 1575 1592 sed
1603 1558 1636 1591 8<
1665 1556 1701 1592 in
1730 1558 1794 1591 Ec-

162 1609 311 1641 neraliter
345 1610 496 1643 audiatur
535 1612 603 1645 &aa
629 1615 743 1646 Pontes
780 1626 920 1660 quoque
961 1601 1006 1651 ΒΑ
1034 1608 1319 1644 clefiasticorum.
1347 1608 1531 1644 Nimirum
1559 1607 1676 1643 sedulo
1698 1607 1794 1641 inve-

162 1656 307 1705 publico
336 1657 411 1692 usui
449 1659 651 1694 necessarios
687 1662 920 1697 restaurandos

160 1707 326 1741 curabant
343 1721 382 1741 ex
405 1709 497 1753 Lege
514 1709 738 1756 Langobard.
756 1713 919 1746 XXXVI.
954 1740 955 1743 ,

159 1756 338 1792 Ludovici
377 1757 462 1805 Pii;
493 1759 543 1791 uti
573 1759 605 1791 8<
635 1759 740 1805 Regia
768 1760 920 1803 Palatia,

159 1806 286 1854 quibus
307 1806 467 1842 decenter
487 1807 633 1855 Augusti
648 1835 658 1848 ,
686 1808 919 1855 quotiescum-

159 1870 227 1905 que
253 1871 340 1906 opus
368 1856 484 1901 foret,
509 1858 766 1906 reciperentur.
803 1861 919 1895 Malos

158 1917 277 1942 autem
303 1908 481 1951 scabinos,
522 1908 768 1956 improbosque
787 1910 921 1954 judices
955 1912 958 1949 ss

159 1958 309 2006 dejicere
337 1958 565 2004 jubebantur,
603 1960 635 1994 δε
667 1959 775 1994 bonos
804 1960 916 1995 substi-

158 2017 276 2044 tuere.
303 2009 409 2054 Quod
437 2008 459 2043 fi
487 2009 587 2057 quis,
617 2009 666 2044 eis
695 2011 919 2058 urgentibus,

158 2059 326 2108 justitiam
356 2059 466 2094 facere
492 2059 670 2095 recusabat
685 2090 692 2104 ‚
714 2061 750 2095 in
773 2061 846 2108 ejus
867 2075 912 2096 ae·
960 2066 987 2099 E

158 2109 261 2144 dibus
297 2110 542 2153 consistebant,
580 2111 612 2145 8<
643 2124 684 2145 ex
713 2111 784 2158 ejus
814 2110 914 2147 sacul-

158 2159 293 2194 tatibus
320 2160 455 2195 viE’tum
493 2160 555 2195 fibi
594 2161 784 2209 parabant.
821 2164 915 2197 Prae·

159 2218 252 2244 terea
281 2208 407 2245 salubri
437 2210 583 2246 confilio
610 2212 815 2247 Ludovicus
839 2213 920 2248 Pius

159 2259 344 2295 constituit
369 2260 405 2295 in
438 2263 535 2309 Lege
562 2264 605 2297 L.
636 2262 861 2311 Langobard.
887 2273 925 2297 ut

158 2311 193 2344 in
223 2311 312 2343 illius
337 2311 467 2345 Comitis
493 2312 683 2356 ministerio,
704 2313 759 2360 qui
779 2315 852 2347 hene
869 2313 918 2356 ju-

154 2359 264 2403 stitias
286 2360 394 2404 saHas
419 2361 531 2406 habet,
560 2363 654 2408 Miffi
680 2363 780 2406 nostri
800 2364 923 2397 diutius

160 2424 221 2445 non
257 2421 445 2454 morentur‚·
471 2413 528 2456 sed
563 2414 610 2448 ibi
645 2427 743 2448 moras
780 2414 921 2455 saciant,

159 2461 216 2495 ubi
241 2460 382 2508 justitias
409 2463 464 2496 vel
491 2463 623 2509 minus,
647 2465 702 2499 vel
729 2465 924 2512 negligenter

159 2511 262 2555 fallas
289 2511 490 2548 invenerint.

1034 1659 1232 1707 itigabant,
1271 1672 1354 1694 num
1384 1659 1443 1694 suo
1472 1658 1608 1694 muneri
1645 1658 1798 1692 deefferr.

1034 1710 1184 1756 Episcopi
1209 1710 1242 1744 8<
1270 1711 1448 1752 Abbates‚·
1472 1722 1559 1744 num
1585 1708 1704 1755 aliqua
1729 1708 1794 1742 im-

1037 1759 1196 1803 potentia
1221 1772 1360 1807 gregem
1390 1759 1486 1795 suum
1524 1768 1711 1807 regerent3
1753 1771 1795 1792 an

1036 1806 1218 1854 quisquam
1249 1810 1269 1842 ὲ
1295 1809 1398 1843 sacris
1426 1809 1512 1844 viris
1541 1807 1798 1851 xenodochia,

1036 1856 1246 1892 Monasteria
1265 1885 1276 1901 ,
1303 1858 1418 1893 Aedes
1447 1858 1576 1901 sacras,
1613 1859 1647 1892 8<
1675 1859 1798 1892 Eccle-

1037 1906 1159 1942 fiarum
1189 1907 1278 1943 hona
1307 1907 1545 1955 dilapidaret,
1571 1917 1631 1943 aut
1658 1907 1695 1943 in
1724 1921 1799 1942 ern-

1037 1956 1231 2005 phyteufirn
1269 1957 1395 2004 inique
1428 1958 1658 1993 concederet.
1698 1960 1795 1993 Num

1036 2007 1210 2051 Canonict',
1230 2006 1278 2042 iis
1296 2008 1512 2055 temporibus
1534 2008 1708 2051 instituti,
1730 2011 1799 2043 Re-

1036 2059 1156 2106 gulam
1175 2057 1442 2094 Canonicorum.
1460 2059 1527 2094 rite
1551 2058 1774 2094 observarent
1787 2088 1797 2101 ,

1037 2109 1071 2144 8<
1099 2121 1169 2143 uno
1197 2108 1261 2144 sub
1285 2108 1383 2144 teeto
1407 2108 1530 2144 inclufi
1559 2109 1669 2144 viram
1703 2123 1798 2144 com-

1037 2172 1179 2194 munem
1207 2172 1288 2194 cum
1316 2158 1385 2207 piis
1411 2159 1590 2204 moribus,
1615 2161 1649 2195 &
1678 2159 1799 2194 frater-

1037 2222 1081 2244 na
1127 2209 1315 2244 concordia
1361 2209 1527 2245 ducerent
1547 2236 1561 2245 .
1602 2210 1799 2251 Rsonasieria

1037 2272 1176 2306 quoque
1197 2259 1426 2294 Monacbarum
1450 2261 1493 2294 (9⁴
1519 2260 1727 2303 Puellarum,
1755 2260 1801 2293 (9²

1035 2310 1224 2344 ,senodochia
1251 2311 1462 2353 circumeant,
1484 2309 1517 2351 fi
1543 2312 1625 2344 unde
1660 2310 1802 2344 admini-

1030 2361 1193 2404 strentur,
1229 2360 1337 2395 debita
1372 2360 1515 2407 obsequia
1550 2360 1688 2395 habeant
1708 2388 1718 2400 ,
1756 2361 1798 2393 ἐφ’

1035 2411 1226 2445 concorditer
1245 2414 1384 2457 degant,
1413 2411 1597 2458 inquirant.
1627 2410 1797 2456 Quidqut'd

1036 2463 1255 2496 inordinatum
1287 2461 1474 2508 repererint,
1513 2461 1700 2504 regulariter
1735 2474 1799 2494 cor-

1035 2516 1142 2560 rigant
1155 2525 1175 2545 .*
1211 2512 1265 2548 ita
1289 2514 1401 2548 Anno
1426 2513 1643 2548 DCCCLV.
1672 2510 1798 2548 consti-

1129 2564 1161 2599 C
1214 2575 1236 2598 α.
1620 2562 1742 2597 tuebat
