2185 3027
223 334 248 353 ’2

286 203 368 258 353*

276 308 327 344 sul
354 311 437 344 vero
458 307 614 344 defunffi
643 308 787 350 affines,
816 318 876 343 aut
902 307 978 343 suos

276 359 429 394 malebat
454 360 659 395 vacantibus
688 360 813 395 Feudis
832 372 979 407 augere,

241 437 249 453 ‚
277 411 381 457 quam
410 424 489 446 curn
523 410 595 446 acri
630 410 782 459 ipsorum
821 410 978 458 indigna-

240 487 250 504 ,
278 461 376 497 tione
413 472 596 497 extraneos
632 461 673 497 ad
710 475 749 497 ea
775 460 980 509 deposcere.

278 514 396 547 Locus
423 514 456 547 δι
485 512 708 548 devolutioni
742 522 836 556 erat,
873 524 980 558 quum

279 561 357 609 quis
386 561 452 598 fide
480 572 615 611 praeter
634 564 868 611 juramentum
897 562 980 610 post·

279 612 419 657 habita,

281 663 293 697 l
455 614 550 662 quod
587 614 631 649 est
666 614 765 662 super
783 627 888 649 omne
915 614 982 648 sce-

297 676 334 698 us
360 691 370 707 ‚

408 664 613 701 rebellionis
653 665 802 700 crimine
840 665 981 700 notaba-

281 721 361 761 ως
399 714 491 761 quod
528 714 651 750 statum
688 715 887 759 minuisset,
924 728 983 763 po·
1027 719 1070 752 Β·
1100 739 1123 756 „

244 790 254 807 ,
282 763 500 812 tentiamque
544 765 849 815 Patriarchalem3
891 766 984 814 quod

283 814 315 849 ei
344 816 488 862 paraffet
514 815 678 865 infidias;
707 817 799 864 quod
820 826 984 852 evocatus

282 864 320 900 in
357 864 420 900 hac
456 865 577 901 saltem
615 868 674 901 ora
701 880 795 902 arma
831 867 984 910 sumere,

284 915 340 949 vel
367 915 566 963 Principem
596 916 768 964 suppetias
794 917 984 965 imploran-

246 991 257 1008 ‚
284 972 356 1000 tem
385 979 446 1013 pro
471 965 559 1002 statu
585 966 757 1003 Ecclefiae
783 967 985 1002 conservan-

247 1042 257 1057 ‚
284 1015 328 1050 do
347 1025 561 1073 protegere,
597 1018 631 1052 8<
669 1017 710 1053 de
737 1017 813 1053 vita
850 1017 986 1053 fortaffe

285 1067 545 1112 periclitantem
566 1068 697 1115 eripere
708 1096 719 1111 ,
735 1068 901 1103 destinata
917 1081 986 1102 ma-

283 1115 366 1150 litia
392 1116 643 1160 contemsiffet‚
680 1130 788 1163 quum
817 1118 985 1153 vassallo-

284 1177 361 1200 rum
390 1164 579 1213 praefidio‚
607 1166 668 1212 qui
697 1168 816 1203 animo
840 1168 906 1203 sint
930 1181 986 1203 ne·

287 1229 353 1264 que
388 1227 518 1263 aegro,
557 1228 669 1263 neque
710 1229 829 1264 parum
867 1217 990 1261 fideli,

287 1275 362 1302 tota
388 1265 459 1301 fere
496 1265 642 1314 pendeat
680 1267 856 1315 Principis
892 1269 988 1303 inco·

287 1317 452 1353 lumitas.
481 1315 622 1363 Quibus
646 1317 775 1353 cafibus
794 1318 832 1353 in
855 1318 988 1353 demor-

286 1369 340 1404 tui
380 1376 438 1403 aut
474 1367 614 1403 rebellis
651 1368 768 1403 locum
795 1367 838 1404 ad
865 1381 989 1404 vacan-

286 1419 336 1454 tia
374 1418 487 1453 Feuda
523 1417 699 1466 deligebat
734 1432 990 1466 quemcumque

288 1468 424 1504 Praesul
453 1468 523 1516 ipse
551 1468 760 1503 venerabilis
790 1469 987 1515 digniorem

284 1520 416 1565 sibique
443 1518 719 1552 commodiorem
747 1517 987 1551 existimasset.

288 1571 363 1604 Nec
392 1567 546 1600 Feudum
575 1565 681 1599 modo
709 1565 860 1613 cujusvis
888 1579 986 1614 gene—

287 1618 356 1660 ris,
393 1616 506 1650 statim
536 1614 595 1650 ubi
632 1614 742 1650 fabius
778 1614 890 1651 fuerat
917 1629 985 1651 cer-

287 1667 380 1710 tior,
401 1665 589 1701 rebellibus
609 1664 806 1710 auferebat,
834 1666 888 1701 sed
911 1679 986 1714 pro—

288 1718 425 1764 prium,
454 1717 591 1764 quando
619 1715 787 1750 nimirum
815 1715 988 1765 fregerant

288 1767 524 1815 jusjurandum
541 1793 550 1807 ‚
587 1766 620 1800 8<
648 1764 780 1800 refflum
808 1767 987 1815 legaleque

290 1817 447 1852 Domino
484 1815 640 1851 officium
674 1816 837 1852 exhibere
873 1818 986 1865 negle-

287 1876 437 1909 xerant,
475 1879 577 1914 quem
606 1879 675 1900 non
714 1865 838 1912 absque
866 1868 989 1915 magna

290 1917 472 1967 prudentia
492 1916 677 1951 addufi'tum
699 1917 902 1953 crediderim
918 1945 927 1962 ,
952 1928 989 1953 ut

289 1971 308 2004 a
347 1967 542 2016 praestando
579 1966 639 2002 fibi
681 1967 775 2002 reffio
816 1969 990 2015 legalique

287 2019 408 2054 officio
436 2018 582 2053 Reclum
610 2019 643 2052 &
672 2019 801 2066 Legale
835 2019 989 2054 Feudum

291 2069 494 2117 appellarit.
522 2071 598 2117 Ego
625 2068 766 2116 quidem
794 2068 905 2105 scribo
931 2083 990 2105 ve-

289 2133 347 2162 ra,
374 2120 407 2154 8<
437 2132 477 2153 eo
503 2119 644 2166 quidem
674 2119 838 2163 confilio,
866 2129 905 2156 ut
932 2134 988 2156 ne·

292 2171 423 2206 minem
454 2169 586 2216 prorsus
615 2171 771 2214 laedam,
799 2172 831 2205 &
860 2170 881 2206 fi
909 2170 988 2207 scri·

293 2230 350 2269 pta
389 2219 556 2268 publica,
597 2222 615 2255 ὲ
651 2221 776 2268 quibus
813 2222 957 2270 decerpo
979 2249 988 2266 ‚

292 2271 442 2306 veritate
479 2270 664 2315 nituntur,
700 2270 785 2307 fides
813 2285 887 2308 mea
923 2273 986 2307 im-

291 2321 452 2367 probari,
489 2328 548 2355 aut
583 2321 733 2357 accusari
761 2336 830 2358 non
869 2322 989 2371 poffit.

291 2375 338 2407 Et
376 2385 436 2407 cur
471 2370 670 2415 accusetur,
706 2371 729 2407 fi
765 2374 904 2409 Scribae
932 2388 988 2422 pu-

293 2421 378 2458 blici
421 2421 486 2456 sint
526 2421 710 2466 adimes,
756 2424 912 2470 quibus,
953 2433 992 2460 ut

241 2502 265 2519 ‚‚
292 2476 372 2517 Jura
409 2471 601 2522 postulant,
638 2473 922 2520 acquiescendum
960 2489 990 2511 e-

241 2551 264 2570 55

291 2524 338 2560 rit
356 2522 369 2558 ἓ

1011 2274 1020 2453 ἱ

559 193 1043 241 DISSERTATIO
1103 195 1504 249 UNDECJMA;

224 284 249 304 „
277 262 344 295 mis
360 255 520 293 adversus
537 257 645 292 hostes
661 257 841 293 defendere
853 283 861 291 .
880 257 976 292 Prae·
1023 257 1054 291 A

1704 213 1792 268 '354

1098 283 1193 328 ,Quod
1209 292 1265 330 per
1280 285 1472 320 rebellionem
1490 289 1572 324 locus
1586 291 1655 337 effet
1670 293 1831 329 vacationi
1841 322 1849 329 „

1148 385 1172 402 ‚,
1199 360 1410 396 MCCLVI.
1437 361 1563 398 offiavo
1591 366 1668 402 Idus
1695 368 1850 414 Martii,

1099 435 1122 453 ‚‚
1152 410 1325 445 Ulvinum
1364 411 1619 459 sbrojavacha‚
1657 431 1851 466 proponen-

1097 486 1122 504 ‚‚
1149 469 1185 495 te
1221 462 1277 495 vel
1314 460 1494 497 accusante
1536 465 1651 510 potius
1688 469 1848 516 Asquino

1098 537 1122 554 ‚,
1151 510 1307 555 Varnio,
1335 513 1353 546 ὲ
1380 512 1570 549 Bertholdo
1599 516 1736 560 Feudo,
1774 533 1850 567 pro-

1098 588 1121 604 ‚,
1151 561 1296 609 prioque
1332 562 1504 611 dejec'tum
1527 592 1537 609 ,
1572 565 1745 608 Johannes
1781 572 1853 605 Lu.

1098 638 1121 655 „
1150 611 1247 660 picus
1275 612 1397 649 refert.

1151 689 1175 706 „
1202 664 1486 700 MCCLXVIII.
1523 665 1652 702 offiavo
1690 667 1769 703 Idus
1799 671 1855 704 Se·-

1152 713 1350 761 ptembriS‚
1396 716 1560 751 Conrado
1601 718 1798 754 Valvasone
1835 723 1853 754 a

1101 789 1124 806 ,‚
1151 764 1324 813 Gregorio
1359 764 1457 801 fuiffe
1494 768 1609 803 ablata
1647 769 1763 813 bona,
1802 770 1853 805 uti

1101 840 1124 857 ‚‚
1151 827 1210 850 reo
1238 815 1486 862 perduellionis
1514 816 1629 862 faao,
1657 820 1854 868 traditaque

1101 890 1124 907 „
1151 865 1474 949 §galterpertholdo
1518 869 1820 920 Spellimbergenfi
1843 899 1853 914 ,

1100 940 1124 957 ‚,
1151 927 1163 949 1
1191 928 1265 950 em.

1152 992 1175 1009 ‚‚
1203 968 1460 1003 MCCCXXX.
1487 968 1614 1016 quinto
1642 971 1722 1007 Idus
1746 971 1857 1008 Οὲἶο-

1100 1041 1124 1058 ,,
1153 1015 1250 1059 bris,
1288 1018 1478 1053 Nicolaum
1514 1020 1546 1054 8<
1584 1022 1751 1064 Jacobum
1788 1022 1855 1058 fra-

1101 1091 1124 1108 „
1151 1074 1220 1101 tres
1249 1068 1467 1103 Purcilianos
1494 1069 1513 1103 a
1542 1070 1763 1116 Patriarcha,
1791 1074 1853 1118 qui

1101 1142 1124 1159 „
1152 1116 1402 1164 perduellionis
1421 1118 1512 1164 ipsos
1533 1119 1769 1165 judicaverat,
1795 1122 1858 1156 bo-

1101 1192 1125 1208 „
1153 1166 1207 1200 nis
1238 1167 1448 1201 Feudalibus
1485 1167 1703 1216 propriisque
1740 1171 1858 1218 priva-

1101 1241 1125 1258 „
1153 1224 1232 1263 tos;
1270 1228 1332 1250 nec
1368 1229 1439 1250 non
1475 1219 1748 1254 Gueccellonem
1784 1222 1858 1256 He-

1102 1291 1126 1308 „
1155 1265 1288 1300 berardi
1329 1264 1444 1301 filium
1482 1267 1525 1302 ad
1566 1281 1605 1303 ea
1640 1269 1761 1306 omnia
1801 1271 1860 1308 de-

1116 1342 1126 1359 ,
1153 1315 1305 1351 sumtum
1334 1316 1458 1360 fuisse,
1486 1318 1722 1356 Gubertinus.

1151 1393 1177 1410 ‚‚
1205 1368 1462 1402 MCCCXXX.
1499 1368 1649 1415 septimo
1684 1372 1856 1407 calendas

1101 1444 1125 1459 ‚‚
1155 1416 1369 1452 Novembris
1386 1444 1397 1459 ,
1435 1417 1626 1453 Nicolaum
1654 1422 1789 1457 Moreti
1817 1422 1858 1457 fi-

1102 1492 1126 1508 „
1154 1466 1243 1500 lium
1271 1465 1313 1500 de
1337 1466 1535 1510 Methuna‚
1563 1470 1768 1506 rebellionis
1796 1485 1859 1507 no-

1102 1542 1126 1558 ,‚
1157 1514 1252 1550 mine
1288 1524 1476 1561 notatum,
1513 1519 1631 1554 Feudo
1651 1547 1661 1563 ‚
1698 1523 1858 1571 proprio-

1102 1592 1125 1608 „
1153 1578 1219 1612 que
1248 1565 1448 1615 privatumg
1476 1568 1510 1602 8<
1531 1570 1762 1614 Aymericum
1787 1575 1858 1608 Ru-

1101 1642 1124 1658 „
1153 1615 1241 1663 gerii
1271 1618 1422 1662 Petoyae
1458 1617 1573 1653 filium
1601 1620 1680 1668 ipfis
1707 1621 1856 1658 honora-

1100 1693 1124 1709 „
1153 1676 1251 1710 tum,
1278 1665 1317 1702 in
1344 1666 1437 1702 Afra
1464 1669 1605 1717 publica
1631 1673 1780 1708 relatum
1808 1675 1856 1710 le-

1100 1744 1123 1760 „
1151 1717 1286 1765 gimus.

1148 1793 1172 1810 ‚,
1198 1769 1512 1803 MCCCXXXVI.
1547 1769 1685 1806 decimo
1726 1774 1855 1809 Calen-

1098 1844 1121 1861 ‚,
1148 1817 1207 1851 das
1227 1817 1387 1865 Aprilis,
1415 1820 1669 1867 Hermagoram
1696 1822 1853 1859 Phoebu.

1097 1894 1120 1911 ‚‚
1148 1866 1280 1911 finum,
1306 1867 1498 1911 Iohannem
1526 1871 1736 1915 Furlanum,
1765 1875 1853 1908 Pan.

1098 1945 1120 1961 „
1149 1931 1330 1965 ceramque
1376 1918 1570 1955 Turrianos
1617 1921 1691 1968 pari
1741 1925 1852 1960 caussa

1097 1995 1121 2012 ‚‚
1147 1967 1408 2004 damnationem
1435 1969 1577 2012 tulisse,
1605 1984 1667 2007 nec
1692 1985 1761 2007 non
1782 1976 1851 2009 Ca-

1097 2018 1289 2063 „stelluto
1310 2046 1320 2063 ,
1366 2018 1513 2067 aliisque
1554 2021 1679 2057 Feudis
1715 2023 1734 2056 ὲ
1770 2025 1853 2059 Ber-

1031 2078 1058 2111 E
1097 2096 1121 2114 ,‚
1148 2070 1273 2104 trando
1313 2068 1502 2116 depulsos,
1548 2071 1582 2106 8<
1625 2072 1775 2120 propriis
1812 2073 1853 2109 fi-

1097 2146 1122 2165 „
1150 2120 1245 2163 mul,
1274 2120 1488 2155 Gubertinus
1515 2121 1684 2158 ostendit.

1149 2197 1172 2214 ‚,
1200 2171 1424 2206 MCCCXL.
1470 2171 1567 2207 Aliis
1613 2172 1850 2220 Caporiacis‚

1098 2247 1122 2264 „
1150 2219 1211 2267 qui
1250 2219 1341 2268 juffis
1371 2220 1589 2257 Patriarchae
1624 2222 1851 2270 pertinaciter

1099 2298 1123 2315 „
1151 2271 1416 2318 repugnassent,
1459 2270 1605 2306 inustam
1646 2273 1850 2311 rebellionis

1100 2348 1123 2366 ‚,
1151 2330 1293 2363 notam,
1334 2322 1368 2355 8<
1409 2321 1625 2369 ignominiae
1666 2324 1780 2359 caussa
1817 2339 1852 2361 a.

1099 2399 1124 2416 ‚‚
1152 2371 1307 2406 demtum
1334 2371 1481 2407 Imulini
1508 2373 1750 2419 Collimlum,
1778 2377 1854 2412 Gu-

1099 2450 1124 2467 ‚‚
1153 2421 1306 2457 bertinus
1333 2421 1508 2458 declarat.

1150 2499 1174 2517 ‚‚
1201 2474 1516 2509 MCCCXLVIIL
1543 2482 1667 2521 quarto
1695 2474 1774 2511 Idus
1794 2478 1852 2512 Se.

1101 2551 1124 2569 ,‚
1153 2523 1342 2571 ptembris‚
1372 2523 1594 2572 Rodulphum
1615 2526 1648 2560 8<
1670 2524 1790 2561 fratres
1809 2527 1852 2563 de

1158 2575 1187 2607 Z
1241 2586 1261 2609 2
1667 2602 1691 2619 „
1721 2578 1802 2612 Por-
