2185 3027
376 163 453 213 163

310 211 379 250 Sus
403 217 526 251 dicebat
549 215 647 251 eidem
672 220 802 254 Suavi:
837 223 926 256 Ecce
954 223 1064 270 parati

310 266 446 303 sumus.
487 269 580 303 Pone
608 268 697 304 mihi
733 270 906 308 rationem
935 273 975 308 de
1003 273 1065 308 ille

308 328 461 366 quatuor
498 317 589 366 petie
616 317 657 355 de
683 319 786 357 vinea
814 322 930 358 33ηὲἶί
967 325 1064 359 Mar-

307 368 380 405 tini
416 368 455 404 in
483 367 702 416 Bulsmiana‚
739 384 823 419 quas
859 373 928 408 tibi
956 372 1059 408 confi-

307 418 443 468 gnavi,
487 432 548 466 pro
584 421 669 468 quid
706 435 760 457 eas
797 423 896 458 abere
932 422 1062 458 vobis?

307 470 528 516 Respondebat
555 470 619 517 ipse
643 476 775 507 suave:
812 472 886 521 Ipse
913 483 1064 521 quatuor

306 521 403 571 petie
427 520 472 556 de
499 521 623 564 vinea,
651 522 740 558 unde
768 531 805 559 tu
833 522 944 567 dicis,
979 537 1063 572 quas

304 570 398 608 mihi
424 572 642 617 munstrasti,
677 587 734 609 eas
772 573 860 610 mihi
897 573 994 610 dedit
1021 574 1063 609 ad

303 621 534 658 lavorandum
562 624 736 671 quondam
766 624 985 674 Ghisprando
1005 637 1062 660 ne-

304 672 487 720 gutiante.
513 675 560 709 Et
588 687 666 710 ecce
693 675 837 711 Livello
866 689 924 724 pre
952 675 1071 715 mani-,

304 723 368 758 bus
396 724 507 768 abeo,
543 725 721 772 quomodo
749 724 820 773 ipse
849 725 938 761 mihi
966 725 1063 761 dedit

302 772 347 808 ad
375 774 605 810 lavorendum
630 775 751 810 omnia
778 788 830 811 res
858 775 915 811 sua
942 775 1005 812 issa
1024 777 1062 812 in

301 823 380 871 ipso
420 825 500 859 loco
543 824 767 869 Bulfiniana,
806 839 911 874 quam
949 826 980 861 ei
1018 840 1061 862 ex

301 874 603 921 comparationem
631 875 779 911 obvenit
800 877 841 912 de
868 876 1061 925 Tachiper-

299 930 365 958 to.
401 926 447 957 Et
475 923 546 971 ipse
573 933 724 972 quatuor
760 926 853 975 petie
890 927 931 962 de
958 927 1061 964 vinea

298 972 343 1008 de
370 972 428 1008 sua
455 987 507 1009 res
535 973 675 1011 fuerunt
693 1003 702 1020 ‚
739 990 844 1024 quam
872 976 944 1024 ipse
972 978 1059 1014 Ghi-

299 1022 447 1071 sprando
484 1037 544 1072 per
570 1024 633 1060 isto
660 1026 786 1062 livello
815 1027 904 1065 mihi
932 1028 973 1063 ad
1011 1030 1059 1064 la-

299 1073 494 1109 vorandum
523 1074 644 1111 dedit.
683 1080 730 1110 Et
755 1079 830 1111 dum
857 1078 968 1112 livello
997 1079 1059 1125 ipso

297 1123 365 1170 legi
387 1122 583 1170 feciffemus,
609 1126 732 1161 dicebat
760 1127 823 1173 ipse
844 1129 1059 1162 Benedicius:

298 1174 446 1210 Livello
482 1174 572 1218 isto,
610 1188 694 1222 quas
730 1184 768 1211 tu
805 1176 979 1221 ostendis,
1018 1179 1058 1214 ad

298 1232 433 1273 partem
471 1224 589 1260 Sanffi
626 1226 778 1262 Martini
815 1228 912 1262 nulla
948 1228 1058 1276 impe-

298 1274 375 1318 dit,
403 1274 486 1322 quia
514 1275 611 1310 vinie
638 1275 722 1320 ille,
750 1290 834 1324 quas
863 1277 931 1313 tibi
959 1291 1056 1315 mun-

299 1324 425 1368 stravi,
461 1324 565 1374 ipsius
601 1325 813 1373 Ghisprandi
851 1328 947 1362 nulla
986 1342 1057 1376 per·

297 1383 511 1410 tenuerunt:
550 1388 613 1411 nec
649 1389 719 1411 non
760 1377 901 1412 fuerunt
938 1378 979 1413 de
1006 1393 1058 1414 res

297 1425 393 1473 ipsa,
430 1438 514 1473 quas
543 1426 611 1461 tibi
647 1426 718 1474 ipse
747 1440 805 1475 per
832 1427 895 1463 isto
930 1428 1057 1464 livello

298 1476 339 1510 ad
370 1476 600 1511 lavorandum
639 1477 760 1512 dedit.
798 1481 865 1512 Nos
900 1491 974 1511 vero
1010 1479 1057 1513 ita

297 1526 461 1561 audientes
488 1527 752 1574 interrogavimus
780 1528 843 1574 ipso
868 1532 978 1563 suave
994 1556 1003 1572 ‚
1024 1529 1058 1571 si

297 1578 401 1611 aberet
427 1587 533 1612 autore
558 1580 595 1611 de
620 1578 711 1612 vinie
738 1579 814 1621 ille,
842 1592 920 1625 quas
944 1579 972 1612 ei
995 1580 1057 1626 ipse
1098 1574 1130 1607 D

296 1627 487 1661 Benedifflus
510 1628 554 1662 da
574 1638 665 1674 parte
684 1628 796 1663 SanHi
818 1629 963 1663 Μανῑὶιιὶ
988 1643 1052 1664 con-

295 1678 469 1720 tendebat,
505 1691 547 1712 an
578 1691 657 1713 non.
693 1679 757 1712 Sed
793 1679 857 1725 ipse
892 1683 1000 1713 Suave
1025 1679 1048 1713 i·

287 1727 401 1769 statim
436 1738 509 1761 ante
546 1741 599 1761 nos
631 1727 780 1774 profeffus
815 1728 882 1772 est,
919 1729 1054 1762 dicens:

292 1776 368 1824 Ipse
396 1776 765 1824 Ghisprand0·autore
790 1791 869 1813 meo
894 1787 1052 1814 mortuus

291 1827 362 1871 est,
399 1828 434 1862 8<
462 1827 588 1862 exinde
626 1838 746 1863 autore
782 1828 936 1864 menime
972 1829 1051 1865 dare

288 1877 445 1926 possum,
472 1877 535 1913 nifi
556 1878 762 1927 consegnare
784 1879 939 1927 possum,
965 1893 1046 1927 quo-

288 1927 396 1963 modo
432 1928 504 1976 ipse
531 1928 658 1972 vinie,
695 1942 779 1976 quas
816 1929 907 1966 mihi
945 1930 1046 1965 confi-

290 1977 397 2025 gnasti
416 2006 426 2023 ,
464 1977 536 2025 ipse
562 1979 783 2025 Ghisprando
822 1992 881 2026 per
908 1979 971 2014 isto
1008 1980 1050 2015 li·

289 2029 386 2063 vello
412 2027 505 2063 mihi
531 2027 649 2063 dedit.
678 2032 725 2063 Et
752 2030 826 2063 dum
855 2029 917 2075 ipse
942 2033 1051 2065 Suave

288 2078 367 2112 talis
394 2078 482 2113 nobis
512 2078 629 2121 faceret
663 2080 935 2126 proclamationem
952 2107 962 2124 ‚
993 2080 1048 2126 ju-

288 2128 470 2164 dicavimus
497 2129 540 2162 &
565 2129 680 2164 wadia
714 2131 788 2164 dare
819 2130 948 2173 fecimus
985 2131 1049 2177 ipso

288 2182 398 2214 Suave
424 2179 524 2213 eidem
550 2179 744 2224 Benedifi‘i,
781 2190 816 2215 ut
845 2180 927 2221 ficut
961 2182 1049 2225 adse.

287 2231 376 2264 rebat
393 2257 404 2274 ‚
441 2230 550 2264 taliter
576 2230 790 2276 consignaret,
828 2231 871 2264 &⁴
898 2231 961 2278 ipso
988 2235 1049 2266 Be·

288 2279 410 2314 nediffo
431 2280 562 2323 fecimus
588 2281 618 2314 ei
643 2282 720 2316 dare
745 2281 881 2325 wadia,
919 2292 955 2316 ut
981 2281 1051 2327 effet

287 2339 399 2375 parato
428 2330 639 2377 rect'piendum
665 2333 706 2366 ab
733 2345 765 2365 eo
795 2333 864 2378 ipsa
890 2332 1047 2379 consigna-

289 2380 426 2416 tionem.
468 2383 515 2415 Et
554 2382 629 2415 dum
673 2382 706 2415 in
747 2382 909 2424 constituto
943 2384 1051 2417 ambas

286 2440 394 2476 partes
419 2441 493 2467 ante
520 2445 574 2465 nos
600 2431 715 2472 reversi
738 2431 909 2477 fu-iJJerunt
936 2434 969 2466 in
993 2432 1049 2478 ju-

288 2480 398 2515 dicio:
432 2492 506 2517 tunc
542 2481 605 2527 ipse
632 2482 823 2518 Benedifflaes
858 2482 980 2518 dicebat
1007 2483 1049 2517 ei-

1102 1128 1133 1162 C

667 157 1074 219 ANTJQUJT.
1124 159 1359 206 MEDJJ
1407 163 1586 207 ΑΕΗ

1797 164 1880 222 1254'

1107 221 1159 255 Ar
1180 222 1250 255 dem
1274 224 1409 258 Suavi:
1444 227 1534 259 Ecce
1571 230 1692 272 parato
1719 222 1793 260 sum
1831 223 1941 260 confi-

1181 272 1347 320 gnatione
1373 274 1446 322 ipsa
1473 275 1514 309 da
1543 284 1576 309 te
1604 273 1841 320 recipiendum
1860 302 1871 318 ‚
1898 274 1939 309 fi-

1181 330 1240 357 cut
1266 323 1356 364 mihi
1384 337 1444 372 per
1480 325 1613 373 judicio
1649 324 1744 359 istius
1776 324 1869 358 Taiti
1895 325 1940 358 (9⁶

1179 373 1267 418 Aipi
1292 374 1368 408 Loci
1392 379 1574 411 Servatores
1593 374 1709 410 wadia
1729 374 1874 409 dedisset
1896 373 1939 409 de

1178 421 1242 457 ille
1278 433 1428 471 quatuor
1462 425 1555 474 petie
1582 425 1623 460 de
1652 424 1754 460 vinea
1788 424 1826 460 in
1855 423 1941 459 Bul-

1178 472 1334 517 finiam,
1373 488 1456 522 quas
1493 476 1561 512 tibi
1599 473 1814 518 munstravi‚
1852 487 1940 521 quo-

1177 523 1283 559 modo
1310 524 1382 573 ipse
1409 525 1623 573 Gisprandus
1651 539 1710 574 per
1737 525 1804 560 ino
1831 525 1939 560 lives-

1176 574 1235 617 10,
1271 588 1376 621 quam
1414 575 1451 611 in
1490 577 1622 624 judicio
1659 574 1831 611 ostendisti
1869 573 1938 609 tibi

1176 623 1325 660 dedisse.
1367 626 1437 661 Dic
1474 627 1589 673 mihi3
1627 625 1649 659 fi
1688 625 1787 673 poti,
1830 623 1940 658 consi-

1175 674 1343 721 gnatione
1380 675 1453 723 ipsa
1489 674 1601 709 facere
1638 687 1681 708 an
1708 672 1808 708 non?
1849 677 1938 707 Tunc

1175 737 1228 758 nos
1244 751 1254 768 ‚
1281 724 1337 771 qui
1356 725 1457 771 supra
1483 725 1661 759 Auditores
1677 751 1687 768 ‚
1725 724 1940 770 interrogavi-

1174 787 1242 809 mus
1269 775 1349 821 ipsos
1375 778 1484 810 Suave
1501 801 1511 818 ,
1531 775 1564 816 fi
1585 784 1706 822 poteret
1732 773 1939 820 consignatio-

1174 839 1211 859 ne
1238 825 1306 872 ipsa
1337 825 1439 870 facere
1464 839 1507 861 an
1535 839 1617 869 non,
1655 834 1712 860 aut
1747 824 1875 871 aliquid
1901 837 1938 859 a-

1172 877 1276 920 beret,
1304 886 1378 923 quot
1403 882 1442 912 de
1470 876 1533 923 ipſse
1559 887 1692 922 quatuor
1714 875 1798 922 petie
1823 876 1860 909 de
1881 875 1937 908 vi-

1173 940 1231 960 nea
1257 928 1300 961 ad
1323 938 1430 973 partes
1456 927 1569 962 sanffi
1596 926 1743 960 Martini
1761 926 1861 960 dicere
1879 924 1935 958 vel

1171 979 1349 1011 contendere
1370 988 1491 1024 poteret
1507 1003 1514 1012 .
1553 980 1609 1011 Set
1645 976 1708 1023 ipse
1733 979 1842 1010 Sua-ve
1866 986 1938 1021 pre-

1165 1027 1250 1070 senti
1277 1038 1351 1061 ante
1377 1041 1437 1072 nos>
1455 1025 1604 1074 profeffits
1623 1027 1665 1067 est
1684 1026 1788 1060 dicens
1799 1039 1814 1058 .·
1840 1028 1938 1060 Con-

1142 1078 1146 1084 ’
1171 1076 1363 1125 signatione
1390 1077 1485 1125 ipsa,
1522 1075 1676 1124 qualiter
1701 1074 1797 1109 istius
1826 1076 1936 1109 Bene-

1141 1091 1145 1167 ἱ
1170 1127 1257 1163 dieti
1277 1128 1392 1163 wadia
1419 1127 1521 1168 dedi,
1547 1124 1700 1161 menime
1727 1123 1838 1159 facere
1859 1123 1936 1172 pos-

1142 1175 1144 1211 ἒ
1170 1177 1267 1222 sum,
1304 1191 1367 1213 nec
1404 1178 1445 1212 de
1481 1175 1553 1224 ipse
1581 1184 1732 1223 quatuor
1770 1174 1863 1223 petie
1891 1174 1953 1222 de·

1171 1228 1273 1262 vinea
1302 1229 1399 1262 nulla
1427 1227 1539 1268 abeo,
1568 1234 1656 1274 quot
1684 1234 1807 1260 contra
1835 1234 1932 1272 parte

1171 1277 1286 1312 Sanffl
1316 1277 1469 1313 Martini
1498 1277 1613 1312 dicere
1634 1285 1694 1312 aut
1722 1275 1932 1311 contendere

1140 1324 1144 1351 ¹
1171 1328 1323 1374 possum.
1352 1331 1399 1362 Et
1424 1329 1500 1362 dum
1528 1327 1590 1374 ipfi’
1616 1330 1724 1361 Sua-oe
1743 1327 1854 1361 taliter
1874 1339 1935 1361 an-

1170 1388 1200 1411 te
1220 1392 1273 1412 nos
1293 1379 1508 1413 renuntiatum
1529 1376 1661 1423 fuisset,
1689 1388 1763 1411 tunc
1783 1376 1859 1410 refi‘e
1880 1390 1935 1410 no-

1172 1428 1219 1462 bis
1242 1428 1353 1475 paruit
1379 1427 1434 1473 effe
1461 1442 1526 1463 una
1549 1441 1615 1462 cum
1636 1427 1860 1475 suprascriptos
1881 1429 1936 1461 A·

1171 1490 1351 1513 remannos.
1379 1481 1431 1513 Ita
1449 1479 1691 1523 judicavimus,
1720 1488 1754 1511 ut
1775 1478 1837 1523 ipse
1858 1490 1936 1523 qua-

1173 1538 1240 1562 tuor
1263 1527 1347 1574 petie
1382 1529 1421 1560 de
1447 1530 1545 1562 vinea
1580 1527 1706 1561 haberet
1739 1538 1831 1572 parte
1862 1526 1936 1571 jam

1170 1577 1253 1613 diffie
1288 1577 1422 1618 Eccleste
1457 1577 1570 1612 SanHi
1605 1577 1775 1620 Martini,
1813 1576 1867 1611 ubi
1894 1575 1936 1618 est

1172 1631 1291 1662 Domus
1318 1628 1539 1673 Episcoporum
1555 1654 1565 1670 ‚
1595 1627 1637 1660 (θ’
1664 1627 1728 1673 ipse
1754 1630 1862 1661 Suave
1888 1626 1935 1671 es-

1165 1678 1199 1722 se
1226 1678 1336 1711 exinde
1363 1688 1545 1724 contemptos
1566 1678 1608 1711 &⁶
1637 1687 1793 1718 remotos;
1821 1677 1863 1710 (9·
1884 1677 1934 1719 se-

1172 1728 1242 1763 nita
1269 1729 1309 1770 est
1337 1728 1419 1762 inter
1445 1741 1493 1761 eos
1519 1727 1684 1771 causatio:
1719 1727 1801 1760 unde
1827 1726 1934 1772 quali-

1171 1788 1218 1812 ter
1243 1789 1316 1813 ante
1343 1791 1397 1812 nos
1422 1777 1494 1812 afia
1522 1778 1564 1810 Θ
1589 1777 1768 1810 deli—aerata
1795 1776 1836 1817 est
1861 1789 1934 1810 cau-

1166 1829 1205 1872 sa
1241 1829 1322 1871 tihi,
1361 1828 1415 1874 qui
1444 1827 1542 1873 supra
1569 1826 1738 1860 BenediHo
1765 1828 1808 1860 ad
1840 1836 1931 1872 parte

1171 1888 1332 1912 memorate
1372 1877 1504 1918 Ecclefie
1538 1877 1651 1911 sanc'ii
1685 1876 1830 1911 Martini
1876 1877 1930 1911 hoc

1171 1929 1304 1970 nostrum
1332 1928 1486 1969 emisimus
1505 1927 1712 1973 judicatum,
1749 1936 1784 1960 ut
1811 1928 1930 1961 moder.

1170 1980 1219 2013 nis
1246 1980 1288 2013 θ’
1309 1979 1431 2023 futurt‘s
1456 1978 1641 2024 temporibus
1668 1978 1701 2011 in
1729 1978 1832 2011 eadem
1858 1989 1929 2023 per-

1170 2040 1294 2065 maneat
1334 2030 1590 2064 deliverationem
1616 2055 1626 2072 ‚
1669 2028 1712 2061 (9²
1752 2028 1927 2075 Ghiselpert

1170 2080 1321 2115 Notam‘us
1341 2080 1472 2125 scribere
1497 2079 1734 2112 commonuimus
1750 2104 1758 2113 .

1219 2130 1340 2165 Afflum
1367 2133 1466 2164 Luce-

1218 2184 1289 2227 Ego
1316 2180 1410 2215 Taito
1445 2179 1518 2213 Loci
1543 2184 1693 2214 servator
1721 2179 1754 2213 in
1781 2193 1839 2215 unc
1870 2180 1925 2226 ju.

1138 2232 1274 2297 ,dicata
1308 2231 1351 2265 ad
1385 2242 1439 2263 nos
1475 2230 1565 2274 faffa
1601 2243 1712 2265 mantes
1748 2244 1815 2266 mea
1849 2233 1925 2277 sub-

1160 2281 1288 2328 scripsi.

1220 2334 1291 2378 Ego
1316 2331 1407 2377 affipo
1434 2331 1510 2365 Loci
1544 2335 1695 2366 Servator
1722 2332 1755 2366 in
1782 2346 1841 2367 unc
1869 2332 1926 2379 ju-

1165 2382 1266 2416 dicato
1306 2383 1350 2416 ad
1390 2394 1442 2415 nos
1478 2382 1569 2425 sabia
1603 2396 1715 2418 manus
1750 2397 1816 2418 mea
1850 2385 1926 2429 sub-

1159 2431 1269 2478 scripsi
1284 2457 1292 2467 .

1217 2482 1352 2529 Signum
1379 2495 1490 2518 manus
1516 2484 1606 2522 Petri
1633 2484 1748 2520 ibidem
1770 2484 1836 2528 suit
1852 2511 1861 2519 .

1737 2535 1875 2582 Signum
